3828 4808
662 315 708 340 “
770 274 844 400 ἆ*
895 324 987 398 root
1039 323 1112 384 ὡ·

13 541 15 602 3
133 462 414 612 scissorium,
440 465 775 609 tameatbedralis,
802 510 915 603 quam
935 467 1467 610 (dollepiata'rupsflanonicis,
1493 457 1708 612 parricidas¹

13 619 15 642 ²
176 597 346 696 liumque
376 597 629 672 beclesrarurn
665 591 902 680 Rectorrbus,
941 589 1125 681 Plebarus,
1138 626 1142 634 ·
1157 593 1433 693 Vrceplebams,
1462 596 1686 678 dreinomru

174 695 290 770 Sociis
316 709 354 772 et
381 719 513 770 eorum
531 688 857 780 locatenentibus,
885 689 1109 790 Capellanis,
1134 689 1320 768 Altaristis
1347 709 1384 770 et
1404 694 1561 772 caeteris
1582 697 1686 776 Pres-

52 805 58 814 '
168 791 314 896 byteris
340 793 476 868 curatis
501 811 539 866 et
565 815 646 884 non
671 786 806 865 curatis
833 812 900 890 per
926 787 1133 865 Civitatem
1160 811 1196 864 et
1218 789 1415 892 Dyocesjn
1437 793 1685 894 Ratisponeri·

173 915 250 970 tem
277 887 437 967 ubilibet
460 887 700 978 constitutis,
725 887 771 962 ad
801 911 897 987 quos
921 902 1138 987 praesentes
1163 889 1428 988 pervenerint,
1459 894 1618 969 salutem
1643 893 1686 972 in
1767 963 1774 979 s

174 987 343 1082 Domino
369 1015 457 1065 curu
477 985 618 1072 notitia
641 984 784 1078 subscri
814 1007 977 1091 torum0=
1011 985 1207 1084 Bastoralis
1232 981 1347 1062 officii
1371 987 1588 1064 sollicitudo
1613 1014 1684 1065 no·

173 1085 229 1164 bis
251 1087 343 1166 licet
367 1083 568 1164 immeritis
590 1012 876 1179 commenddta,
907 1111 1134 1188 quamquam
1160 1084 1364 1162 innumeris
1390 1085 1486 1160 curis
1511 1087 1685 1186 undique

173 1198 353 1282 angimur,
378 1189 439 1260 illa
462 1197 591 1279 tamen
618 1183 823 1286 praecipue
848 1199 1020 1262 mentem
1039 1197 1188 1270 notram
1217 1181 1368 1276 excitat,
1393 1207 1595 1285 perquam
1624 1210 1684 1262 ec·

173 1281 466 1361 clesiasticorum
491 1286 665 1359 locorum
691 1305 1018 1396 personarumque
1042 1276 1292 1361 cdnscrvetur
1316 1281 1524 1374 emunitas,
1559 1303 1597 1359 et
1621 1310 1684 1383 ap-
1807 1305 1810 1311 ·

13 1431 14 1454 t
135 1411 140 1418 ·
172 1385 310 1496 petitos
334 1382 472 1458 noxius
502 1380 572 1458 sub
606 1407 755 1464 mamm
781 1381 1143 1477 regula-limitetur,
1180 1383 1390 1479 evulsisque
1421 1392 1683 1481 spurcitiarum

170 1479 357 1557 illecebris
382 1470 498 1582 decus
528 1477 572 1554 iu
596 1479 767 1558 Ecclesia
791 1479 868 1554 Dei
902 1477 1091 1559 succedat.
1140 1479 1241 1556 Sane
1265 1503 1456 1553 sacrorum
1482 1482 1683 1560 Canonurn

170 1587 371 1680 auctoritas
396 1590 570 1669 testatur,
605 1591 645 1653 et
678 1577 769 1652 olim
795 1590 914 1654 sancti
944 1578 1071 1654 Patres
1096 1603 1224 1656 curam
1256 1578 1434 1653 solertem
1465 1602 1578 1676 super
1600 1601 1684 1676 gre·

165 1695 256 1772 'gem
287 1675 522 1750 dominicum
560 1695 781 1750 exercentes
812 1677 862 1749 de
887 1675 1124 1752 celebrandis
1160 1667 1362 1768 Conciliis,
1398 1675 1440 1750 in
1471 1673 1606 1774 quibus
1632 1677 1683 1754 de
1785 1682 1794 1695 ‘

169 1773 400 1874 extirpandis
424 1770 525 1850 sistis
549 1784 588 1846 et
614 1774 824 1869 plantandis
848 1770 1055 1848 virtutibus
1079 1793 1156 1848 tam
1186 1775 1375 1868 invclero,
1414 1797 1526 1872 quam
1551 1782 1591 1848 in
1644 1800 1682 1849 o·
1805 1786 1809 1794 ‘

146 1923 154 1942 ,
167 1875 278 1973 pulo,
310 1887 350 1946 et
376 1872 425 1946 de
450 1869 704 1944 conservanda
729 1866 906 1968 libertate
931 1873 1197 1963 ecclesiastica,
1231 1871 1280 1946 de
1302 1883 1404 1946 statu
1430 1894 1587 1970 quoque
1611 1801 1685 1948 dc·

166 1974 365 2048 elesiarum
391 1977 429 2043 et
448 1979 597 2068 piorum
621 1967 793 2042 locorum
819 1965 1104 2063 dirigendorum
1128 1967 1331 2044 salubriter
1351 1968 1544 2066 agebatur,
1557 1988 1609 2044 ‘et
1634 1991 1683 2045 ex

166 2069 226 2144 bis
251 2078 367 2140 status
398 2066 680 2236 Ecclesiaspicus
713 2071 858 2139 tamin
891 2067 1161 2164 spiritualibus,
1196 2089 1309 2165 quam
1341 2077 1394 2166 in,
1414 2067 1695 2166 temporalibus·

166 2177 208 2241 tn
233 2165 309 2238 Dei
334 2161 502 2245 Ecclesia
529 2187 593 2235 mu
611 2183 690 2236 tum
710 2173 850 2264 crevit.
902 2162 988 2239 -Sed
1018 2165 1116 2263 proh
1150 2161 1281 2240 dolorl
1321 2173 1492 2239 inimicus
1524 2163 1683 2244 humani

166 2271 316 2360 generis
331 2256 547 2360 perlonga
567 2285 648 2372 pam
674 2279 847 2360 tempora
871 2261 1168 2338 sua'calliditate
1190 2275 1229 2338 et
1246 2275 1363 2336 astum
1382 2270 1545 2338 versutia
1571 2288 1683 2364 quos·
1744 2345 1749 2348 ,
1851 2229 1871 2306 f

168 2364 257 2436 dem
277 2357 342 2436 de.
357 2357 527 2434 Ecclesia
551 2360 765 2434 vulneravit
791 2371 830 2434 et
856 2361 1014 2452 seduxit,
1049 2383 1369 2462 surrexerun·que
1392 2360 1569 2437 homines
1592 2373 1680 2440 vani
1788 2397 1794 2404 ·
1898 2449 1900 2460 A

170 2475 211 2571 et
234 2455 540 2570 gloriaecupidi,
566 2455 633 2555 qui
659 2480 742 2532 eam
767 2459 1005 2545 macularunt
1029 2469 1132 2558 turpi
1154 2459 1244 2550 vita,
1279 2469 1377 2559 turpi
1403 2471 1573 2558 quaestu,
1607 2475 1682 2532 tur·
1745 2486 1748 2497 ·
1817 2523 1824 2532 .

167 2565 289 2656 prqu'e
320 2577 565 2628 commercio.
647 2548 839 2632 Volumus
870 2565 998 2651 igitur,
1041 2575 1224 2669 nantum
1261 2557 1372 2632 nobis
1406 2555 1680 2636 abditissimo

167 2650 401 2745 conceditur,
434 2647 547 2725 officii
572 2643 681 2724 uobis
714 2653 970 2728 commendati
1003 2584 1177 2729 deitatum
1202 2655 1421 2753 adimplete,
1456 2681 1501 2730 ac
1526 2679 1596 2754 per
1620 2677 1680 2732 re·

166 2749 294 2828 media
323 2752 496 2824 salutaria
528 2749 633 2822 malis
656 2758 696 2822 in
721 2747 888 2852 Dyocesi
917 2751 1182 2850 Ratisponensi
1214 2749 1482 2852 pullulantibus
1515 2753 1678 2846 obviare,
1743 2803 1747 2812 ·

166 2848 257 2923 bitte
289 2845 521 2927 Concilium
542 2845 743 2948 synodale,
785 2847 826 2922 in
859 2874 937 2947 quo
969 2847 1018 2924 de
1052 2849 1126 2942 his,
1171 2873 1268 2949 quae
1297 2875 1370 2948 pro
1395 2849 1508 2926 laude
1533 2847 1610 2926 Dei
1636 2863 1679 2926 et

94 2992 97 3002 ·
154 2946 335 3023 ‘utilitate
360 2944 614 3022 Ecclesiarum
647 2955 687 3021 et
719 2945 883 3044 piorum,
902 2949 1094 3038 locorum,
1132 2974 1176 3023 ac
1208 2973 1279 3048 pro
1313 2945 1428 3027 Claro
1461 2967 1499 3023 et
1532 2951 1677 3048 populo
1809 3013 1812 3022 .

167 3055 385 3146 opportuna
405 3056 443 3120 et
467 3042 573 3118 utilia
598 3055 698 3137 sunt,
722 3042 879 3142 provida
901 3042 1186 3122 examinatione
1211 3058 1394 3120 tractetur
1419 3059 1458 3120 et
1482 3049 1679 3144 provideo·

165 3162 250 3236 tur,
282 3140 374 3224 le'ria
398 3143 562 3216 secunda
590 3159 674 3238 post
705 3153 856 3219 octavas
884 3139 1064 3240 Corporis
1089 3143 1248 3234 Christi,
1281 3140 1374 3216 horn
1408 3153 1610 3242 primarum
1637 3154 1678 3221 iu
1763 3183 1776 3211 t

163 3239 339 3318 Ecclesia
365 3238 566 3313 cathedrali
592 3239 855 3337 Ratisponensi
882 3239 1368 3331 duximuscelebrandum,
1410 3243 1677 3340 Praelatosque
1729 3243 1735 3250 '

57 3345 64 3374 ⁸
163 3357 208 3414 et
233 3341 379 3413 clerum
406 3334 574 3410 Civitatis
599 3354 638 3410 et
664 3339 848 3440 Dyocesis
876 3336 1156 3436 Ratisponensis
1187 3338 1236 3413 ad
1267 3340 1369 3414 idem
1400 3345 1678 3413 convocandos.

23 3488 27 3496 .
163 3435 302 3540 Quare
332 3427 400 3510 vds
431 3455 564 3508 omnes
596 3451 635 3510 et
653 3441 834 3531 singulos·
854 3453 990 3512 tenore
1020 3445 1274 3535 praesentium
1307 3432 1530 3536 requisimus
1565 3453 1604 3512 et
1635 3435 1678 3514 in

162 3530 340 3608 Domino
365 3539 585 3630 propensius
611 3527 869 3624 exhbrtamur,
899 3533 1083 3634 vobisque
1108 3533 1350 3610 nihilomiuus
1375 3553 1413 3608 et
1438 3532 1590 3608 cuilibet
1608 3555 1678 3624 ye-
1705 3591 1708 3598 2
1735 3559 1743 3566 ·
1831 3539 1845 3552 '

161 3645 283 3707 strunt
309 3641 349 3704 in
372 3639 511 3704 virtute
536 3649 688 3703 sanctae
713 3630 953 3707 obedientiae
977 3651 1015 3708 et
1035 3630 1105 3706 sub
1123 3631 1528 3708 excommunicationis
1547 3651 1679 3729 poena

159 3730 338 3805 districte
361 3727 628 3827 praecipiendo
653 3725 1102 3826 mariamnaquatenus
1125 3730 1174 3805 ad
1200 3732 1341 3806 dictum
1367 3729 1547 3830 synodale
1574 3725 1707 3805 Com-

161 3831 295 3904 cilium
322 3828 394 3918 die,
421 3826 528 3916 bora,
550 3839 589 3902 et
615 3825 702 3898 loeo
728 3824 922 3922 praedictis
948 3827 1218 3903 celebrandum
1245 3825 1492 3942 personaliter
1523 3829 1677 3902 accede

159 3937 215 4003 tis
246 3941 286 4002 et
313 3925 471 4025 quilibet
494 3939 659 4001 vestrum
683 3925 851 4012 accedat,
883 3923 1166 4022 impedimentis
1200 3923 1486 4025 qurbuscunque
1509 3924 1675 4019 semotis,

162 4023 217 4101 ad
242 4021 478 4098 tractandum
506 4034 544 4098 et
568 4020 721 4095 tractari
745 4020 952 4094 videndum
979 4043 1018 4098 et
1044 4024 1288 4115 audiendum,
1314 4047 1409 4123 quae
1434 4022 1474 4096 in
1498 4023 1674 4121 praernis-
1728 4115 1731 4122 .

13 4117 47 4194 ‘a
161 4123 214 4197 sis
253 4143 291 4197 et
324 4130 420 4194 circa
455 4145 498 4196 ea
523 4131 729 4196 necessaria
754 4121 894 4193 luerint
919 4141 957 4195 et
982 4137 1209 4220 opportuna,
1242 4141 1286 4196 ut
1310 4131 1465 4215 negotio
1491 4119 1675 4196 hmoi'sa·

100 4277 107 4303 .
160 4219 323 4296 lubriter
346 4236 503 4315 peracto
528 4241 739 4293 mereamor
764 4227 818 4292 tre
844 4218 893 4294 de
917 4217 1056 4296 virtute
1082 4230 1121 4294 in
1146 4228 1345 4306 virtutem,
1374 4230 1416 4297 ¹et
1443 4217 1597 4293 tandem
1623 4217 1676 4294 vi-
1703 4238 1733 4296 J·

140 4315 258 4395 dete
282 4316 430 4431 Deum·
445 4317 605 4397 deorum
629 4325 670 4394 in
693 4315 806 4412 Sion,
840 4325 907 4420 qut
931 4329 986 4396 est
1010 4329 1051 4397 in
1074 4318 1226 4398 saecula
1248 4312 1483 4396 benedictus.
1532 4317 1676 4399 Daton
