3802 4800
799 201 1118 364 ern-4

207 442 301 522 elios
326 435 453 528 etiam,
486 430 516 506 si
540 439 616 504 sint
638 445 742 502 effla
766 427 877 541 lffls,
895 437 940 504 ¹ss
960 427 1098 528 ‘tillim
1121 431 1292 536 depulit!
1318 443 1405 520 estis
1425 434 1715 532 mnunstorei
1818 499 1821 513 .

206 555 249 620 gt
272 535 439 644 judices,
475 529 579 606 dicto
610 526 697 625 Epo
718 523 911 614 ‚efficacrs
929 525 1159 630 deleusionis
1189 536 1354 634 presidio
1390 542 1614 622 assistentes·
1634 577 1716 632 nori
1831 634 1834 640 ,

166 699 170 709 ,
206 632 547 740 permittatiseum
577 619 901 734 superpremissis
928 638 967 701 et
992 626 1223 738 quibuslibet
1252 627 1333 711 aliis
1358 637 1469 716 bonis
1502 657 1540 718 et
1566 637 1715 745 juribus
1796 727 1800 734 ,

203 738 255 812 sd
277 725 446 808 mensarii
473 748 577 800 suarn
604 723 810 820 predictam
832 725 1086 820 spectantibus
1102 727 1158 802 ab
1186 727 1328 808 eisdem
1361 757 1401 812 et
1424 738 1715 845 quibuscunque
1750 783 1757 788 ·
1831 784 1837 792 ·

204 832 285 911 'eliis
304 819 478 906 indebite
498 818 700 910 molestari,
722 819 785 904 vei
811 817 883 894 sini
908 823 1122 938 quartarius
1146 849 1216 924 seu
1241 828 1402 930 dampna
1421 838 1483 912 vel
1498 834 1646 939 injurias
1666 856 1711 917 ir·

162 931 167 938 ”
205 937 347 1026 rogari,
372 917 506 1019 iacturi
533 917 658 994 eidem
689 917 794 1013 Epa,
827 940 915 992 curu
940 917 1063 995 abeo
1087 924 1150 999 vel
1175 943 1422 1024 procuratore
1444 957 1513 1012 seu
1538 939 1711 1034 procure'·
1730 997 1755 1024 ,-

204 1026 351 1102 toribus
375 1033 450 1098 suis
474 1014 617 1091 lueritis
642 1021 822 1112 requisiti,
847 1013 907 1124 de·
921 1016 1099 1112 predictis
1125 1033 1164 1096 et
1188 1021 1269 1096 aliis
1292 1029 1463 1126 personis
1481 1033 1721 1130 quibuslibet.

203 1113 317 1223 super
345 1111 588 1206 restitutione
619 1127 839 1200 castrorum,
870 1115 1056 1206 villarum,
1087 1114 1302 1215 domorum,
1334 1121 1540 1222 vinearum,
1558 1156 1714 1244 posses·

20 1297 24 1305 ,
62 1211 85 1244 ·’
149 1245 152 1257 ·
202 1222 370 1308 tionum,
402 1213 602 1300 censuum,
636 1218 882 1320 pensionum,
914 1211 1159 1309 pecuniarum
1193 1241 1443 1319 summarum,
1482 1230 1716 1328 reddituum,

201 1325 471 1420 proventuum,
489 1305 634 1409 jurium
660 1319 700 1382 et
721 1303 1093 1417 jurisdictionum'et
1118 1311 1277 1410 aliorum
1304 1313 1623 1428 quorumcunque
1643 1327 1712 1416 bo,-

199 1438 352 1504 norum,
378 1431 457 1506 ,neo
482 1431 563 1480 non
587 1419 625 1482 et
659 1407 708 1480 de
731 1403 965 1503 quiburbb'et
989 1406 1201 1506 injuriis'ei
1235 1419 1417 1492 molestiis
1441 1442 1557 1522 arque
1582 1425 1712 1526 damp-
1737 1501 1740 1506 ,
1878 1441 1881 1451 “

200 1511 268 1588 nis
284 1497 747 1609 presentibuset'luturis
777 1499 819 1576 in
842 1503 914 1576 sslis
937 1505 1133 1599 videlicet,
1172 1533 1249 1606 que
1272 1508 1490 1611 judicialem
1514 1531 1711 1622 requirunt

43 1599 46 1604 ¹
92 1605 100 1624 ²
198 1609 437 1706 indaginem,
464 1599 666 1678 summarie
699 1597 812 1710 etde
833 1599 951 1696 plano
979 1615 1060 1678 sine
1083 1616 1239 1714 strepitu
1266 1622 1305 1684 et
1329 1608 1445 1707 figura
1470 1610 1631 1716 judicii,
1668 1619 1711 1700 in

197 1706 280 1784 eliis
309 1727 421 1792 vero,
470 1717 582 1799 prout
611 1700 959 1796 qrrairissipsorum
991 1705 1339 1804 exegerit‘lustitic
1372 1716 1708 1810 complementum,

198 1814 449 1898 occupatores
467 1821 536 1873 seu
560 1796 798 1883 detentores,
829 1793 1117 1890 molestatores,
1147 1823 1426 1901 presumpturos
1452 1829 1491 1886 et
1515 1809 1709 1911 injuriato.

196 1922 259 1978 res
282 1897 407 1989 lrmoi,
440 1918 618 1971 necnon
643 1888 941 1965 contradictores
973 1893 1165 1990 quoslibet
1185 1913 1237 1971 *et
1262 1901 1422 1978 rebelles
1448 1903 1710 2012 cujuscunque
1763 1981 1768 1996 ,
1862 1913 1880 1986 .’

198 1993 402 2093 dignitatis,
433 2007 561 2084 status,
591 1986 733 2064 ordinis
756 1987 822 2063 vel
845 1986 1074 2065 conditionis
1101 1989 1307 2088 extiterint,
1333 2004 1642 2106 quandocunque
1667 2019 1708 2086 et

199 2093 533 2195 quotienscunque
556 2082 780 2186 expedierit,
805 2083 1029 2197 auctoritare
1047 2099 1187 2182 nostra,
1211 2079 1467 2190 appellatione
1515 2116 1708 2203 suposita,

193 2187 490 2288 compescendo,
521 2185 701 2266 invocato
725 2183 774 2254 ad
798 2182 885 2272 boc,
909 2207 940 2256 sr
961 2205 1057 2282 opus
1079 2182 1203 2277 luerit,
1234 2191 1376 2270 auxilio
1399 2128 1540 2274 braclrii
1568 2207 1708 2280 secula·
1767 2253 1774 2264 -
1841 2233 1844 2238 ·
1888 2211 1891 2298 ζ

89 2361 93 2372 ,
195 2287 375 2380 ris,.non
403 2282 642 2359 obstantibus
660 2278 780 2356 felicis
800 2278 1076 2386 recordationis
1100 2281 1287 2363 Boniiacii
1317 2315 1415 2404 pape
1439 2293 1547 2371 Viti.
1574 2303 1707 2397 prede·
1888 2303 1891 2348 ²

17 2367 32 2386 ”
68 2405 74 2420 ‘
196 2382 354 2462 cessoris
377 2395 435 2460 nri
463 2375 776 2467 oidinntionibus,
793 2416 842 2491 '.‘
858 2415 907 2489 3-
945 2377 1184 2489 presentibus
1204 2397 1291 2481 post
1311 2394 1614 2491 quinquennium
1638 2397 1708 2474 nii.
1885 2434 1887 2438 ·

168 2478 504 2583 ,nimetatituris
561 2477 709 2589 Dntum
732 2473 1065 2557 Avrnrsmitti.
1088 2475 1172 2560 Kal.
1195 2483 1435 2586 Novembris,
1457 2491 1723 2574 Pontifimn‘
1796 2561 1798 2566 ,

192 2578 314 2682 nostri
336 2605 438 2656 anno
462 2575 681 2656 undecimo.
845 2597 849 2602 ·
931 2599 933 2604 ’

290 2775 438 2858 Verum
469 2771 556 2876 quia
582 2770 706 2848 arduis
733 2768 866 2850 Ecclle
895 2779 1025 2851 nostre
1054 2785 1216 2876 negotiis
1240 2781 1506 2884 multipliciter
1526 2783 1700 2890 impediti

124 2889 132 2899 “
194 2887 313 2954 causis
342 2873 476 2974 prelati
501 2925 547 2948 ..
580 2871 656 2970 Epi
680 2869 875 2970 ilarispon.
914 2871 1115 2952 intendere
1148 2899 1230 2950 non
1267 2881 1451 2975 vatemus,
1482 2873 1704 2968 discretioni
1753 2951 1755 2957 -
1889 2912 1891 2948 r

191 2996 262 3050 tue
293 2984 333 3046 in
368 2968 548 3054 omuibus
579 2977 719 3060 causis,
758 2993 850 3078 quas
882 2967 985 3045 idem
1016 2967 1123 3070 Epus
1152 2972 1371 3074 Archiepis,
1402 2979 1512 3082 Epis,
1546 3010 1700 3070 neonem
1731 3049 1734 3054 .

146 3098 151 3104 ·
190 3071 381 3162 Ducibus,
415 3065 644 3159 Comitibus,
673 3064 858 3152 militibus
882 3091 926 3142 ac
951 3064 1032 3144 eliis
1056 3067 1225 3168 personis
1249 3075 1385 3154 eccleis
1401 3091 1441 3156 et
1458 3083 1700 3180 secularibus,
1817 3079 1819 3087 ⁴

192 3188 424 3271 quocunque
444 3166 561 3240 modo
588 3179 830 3262 censeantur,
859 3189 988 3254 eoram
1012 3178 1054 3242 te
1080 3187 1211 3245 moret
1240 3193 1308 3246 sou
1336 3199 1494 3258 movere
1520 3177 1700 3276 intendit,

190 3264 467 3342 committimus
498 3259 602 3340 tices
631 3277 776 3340 nostras
805 3269 844 3336 in
876 3260 1020 3346 uirtute
1042 3281 1172 3342 sancte
1199 3267 1424 3356 obedientie
1449 3275 1697 3378 precipiendo

87 3357 93 3364 ”
188 3363 426 3454 mandantes,
460 3369 637 3460 quatinus
670 3369 812 3436 vocatis
840 3359 1006 3460 partibus
1036 3386 1165 3442 causas
1197 3365 1350 3446 easdem
1383 3365 1489 3471 juxta
1521 3381 1698 3454 tenorem
1718 3377 1740 3410 ²

148 3486 153 3496 ·
189 3461 445 3561 predictarum
480 3461 689 3534 litterarum
715 3459 908 3556 splcsrum
940 3457 1079 3550 audias,
1114 3459 1266 3538 decidas
1294 3479 1334 3542 et
1361 3470 1558 3569 exequaris
1590 3471 1697 3552 omni
1831 3525 1839 3534 -

102 3612 105 3618 ·
184 3559 319 3647 modo,
346 3583 428 3657 qun
460 3581 529 3631 nos
566 3553 638 3655 ipsi
671 3551 796 3632 iacere
829 3557 903 3632 hec
928 3578 1132 3676 possemne
1181 3560 1325 3642 Datum
1359 3563 1618 3673 Salaburge
1648 3571 1696 3664 X.
1752 3587 1757 3594 '

186 3653 352 3755 Kalend
373 3653 527 3756 Aprilis,
556 3675 659 3734 anuo
683 3653 751 3737 diti
779 3653 880 3756 1329
974 3726 979 3736 .
1130 3693 1148 3748 A
1577 3681 1588 3702 ⁴

512 3844 684 3936 tigillum
702 3843 861 3938 Arsiispi
878 3848 1025 3949 matrimi
1042 3853 1171 3924 moduli
1188 3852 1365 3945 adpendit.
