3712 4794
574 339 1105 452 fastos-10.

192 518 333 622 tispon
352 509 563 618 ‚providere
596 523 637 591 et
667 511 867 612 consulere
895 508 1113 620 cupientes,
1154 509 1242 618 quia
1276 509 1483 602 multitudo
1509 510 1705 616 Soromor,

87 662 93 668 ·
194 639 272 720 que
301 633 453 715 recepta
473 613 543 688 i'uit
562 607 746 688 hactenus
767 621 807 686 tn
834 613 990 705 eodem,
1016 617 1056 690 'et
1079 635 1119 688 ut
1142 614 1263 711 magis¹
1279 627 1600 712 augmentaretur,
1627 631 1705 694 tam

191 743 217 793 a
241 715 491 814 Principibus,
516 719 638 825 'quarn
664 707 866 814 Nobilth'us
888 710 1010 804 tene,
1045 725 1085 789 et
1110 711 1256 789 civibus
1282 709 1450 786 Civitatis
1477 707 1705 812 importunis

193 812 370 916 precihus
389 811 515 908 sepius
535 808 755 910 mutabatur,
790 817 952 908 ipsorum
977 833 1183 910 pauperum
1212 819 1556 910 paupertatinimis
1581 823 1707 890 extitit

88 942 91 950 ·
193 929 365 1004 onerosa,
391 907 544 1008 eoquod
564 906 699 981 eedem
718 904 887 999 Sorores,
900 907 992 984 licet
1011 919 1134 1010 essent
1155 905 1348 1010 obsequiis
1359 931 1573 1020 pauperum
1589 910 1704 1012 depu-

194 1003 629 1103 tate,=magts'votebant
651 1012 860 1096 ministrari,
885 1030 1000 1104 quam
1027 1006 1253 1106 pauperihus
1274 1003 1507 1098 mirustrare3
1532 1025 1571 1084 ct
1601 1022 1705 1104 certa
1774 1041 1783 1051 ⁸

196 1105 401 1186 tarutidem
418 1101 468 1177 ‘in
496 1111 604 1176 tanto
633 1125 794 1176 numero
817 1125 901 1178 non
927 1113 1008 1177 erat
1029 1101 1248 1196 necessitas,
1279 1103 1353 1180 uec
1378 1129 1450 1202 pro
1473 1103 1535 1178 eis
1553 1123 1590 1179 et
1617 1110 1706 1200 aliis,

197 1203 263 1306 qui
284 1199 481 1279 necessarii
502 1195 595 1272 fiant
615 1195 687 1296 ipsi
707 1197 893 1299 hospitali,
918 1209 1139 1298 provisionis
1163 1199 1389 1299 possibilitas
1409 1199 1514 1276 affuit
1538 1221 1575 1278 ct
1594 1202 1708 1280 sacul-

196 1313 272 1396 tas,
304 1295 585 1387 deiiberacione
612 1295 773 1394 provida
801 1321 891 1371 cum
914 1321 1044 1374 venet.
1074 1310 1216 1374 nostro
1233 1295 1411 1400 Capitulc
1442 1297 1569 1375 habita
1595 1324 1709 1402 supet

197 1421 263 1490 eo,
289 1392 529 1498 deejusdem
552 1391 712 1468 consilio
735 1405 774 1496 et
797 1416 947 1471 assensu
965 1415 1167 1496 sequentes
1190 1393 1361 1493 Vestigia
1388 1394 1493 1474 hone
1521 1396 1709 1480 memorie
1781 1475 1789 1486 ‚

197 1495 264 1571 dni
288 1491 484 1571 Chunradi
511 1492 703 1590 quondam
735 1491 1008 1602 predecessoris
1037 1504 1156 1570 nostri
1182 1505 1376 1568 statuimus
1384 1501 1402 1586 ,'
1436 1504 1476 1570 et
1503 1505 1542 1568 in
1576 1518 1710 1595 perpe·

196 1603 308 1670 tuum
334 1601 387 1666 sic
411 1591 585 1668 volumus
608 1600 648 1669 et
672 1585 902 1688 precipimus
930 1587 1139 1682 obser-rari,
1185 1593 1290 1691 quod
1318 1613 1499 1666 numerus
1524 1589 1708 1668 dictarum
1840 1679 1843 1684 ,

195 1689 378 1766 Sororum
396 1703 598 1764 numerum
620 1697 819 1786 quiriacum
839 1712 921 1761 non
944 1687 1115 1778 excedat,
1140 1686 1193 1778 ita
1210 1685 1402 1778 videlicet,
1428 1690 1534 1788 quod
1549 1687 1606 1782 iis,
1631 1687 1710 1791 qua'

149 1871 151 1875 ,
196 1811 302 1863 nunc
322 1804 431 1876 suut,
454 1793 611 1882 instato
636 1781 758 1856 solido
781 1781 1085 1872 remanentibus,
1110 1801 1309 1881 postquam
1330 1787 1519 1885 usquead
1540 1797 1710 1888 quinque

195 1896 348 1961 mortue
375 1879 536 1972 suerint,
559 1879 668 1954 nullo
696 1879 877 1977 pretextu
901 1875 1106 1978 recipiatur
1125 1877 1215 1969 alia,
1239 1889 1311 1953 ntst
1325 1891 1438 1982 prius
1457 1908 1537 1958 una
1563 1887 1611 1961 de
1636 1885 1710 1964 illis

21 2024 30 2036 =
74 2053 78 2067 ,
198 1979 368 2092 quinque
393 1980 456 2054 vei
484 1972 705 2066 decesserit,
736 1976 800 2051 vel
821 1973 868 2049 ab
889 1985 971 2073 ipso
997 1975 1172 2074 hospitali
1203 1974 1398 2051 recesserit
1425 1987 1583 2060 minime
1612 1983 1711 2059 redi.
1754 1985 1759 1989 “

197 2095 299 2153 tnra:
330 2099 427 2175 ipsas
448 2091 596 2166 autem,
622 2093 699 2171 que
717 2095 820 2145 nunc
843 2089 952 2166 sunt,
978 2083 1017 2148 et
1042 2071 1187 2146 futuras
1208 2069 1365 2146 Statutis
1390 2082 1429 2147 et
1451 2070 1710 2152 Ordinationt-

196 2173 268 2249 hus
293 2171 396 2248 bone
414 2167 600 2246 memorie
617 2167 927 2269 predecessorum
948 2179 1166 2244 nostrorum
1188 2165 1299 2244 editis
1318 2178 1415 2244 orrea
1435 2191 1497 2245 eas
1514 2165 1709 2272 subjacere

84 2305 89 2311 ·
191 2273 393 2360 nolumus,
424 2279 464 2343 et
487 2264 536 2342 ad
558 2285 638 2340 suas
664 2263 855 2362 regulares
874 2265 1132 2346 observanctas
1155 2261 1395 2342 decernimus
1417 2264 1492 2340 obit
1543 2287 1604 2342 tas.
1660 2269 1711 2350 ln

147 2358 150 2368 ⁴
178 2363 309 2470 xcujus
325 2363 383 2442 rei
405 2371 663 2458 testimonium
687 2380 881 2462 presentes
903 2361 1067 2438 Litteras
1090 2361 1224 2458 Sigillo
1250 2375 1401 2456 nostro,
1433 2383 1471 2440 ct
1494 2292 1627 2461 iigiuo
1654 2363 1714 2464 ips

197 2465 272 2543 sius
296 2460 357 2539 nri
377 2459 547 2562 ,Capituli
572 2461 697 2538 eidem
722 2457 896 2538 dedimus
922 2458 1186 2554 communitas.
1242 2459 1388 2536 Datum
1422 2478 1461 2538 et
1484 2460 1614 2546 acturis
1637 2462 1721 2542 iia·v

166 2598 170 2607 =
199 2562 351 2676 tispone
373 2553 478 2642 anuo
505 2555 574 2637 dni
602 2555 706 2668 1315.
729 2563 771 2635 in
798 2554 972 2634 Crastino
1000 2553 1100 2633 beati
1125 2556 1282 2634 Andree
1300 2560 1396 2658 apli.

528 2721 686 2812 argutam
703 2697 853 2812 coprem
872 2723 1052 2812 arpenna,
1072 2722 1140 2786 *rao
1161 2723 1229 2811 apr
1247 2720 1375 2788 acono.

402 2975 520 3057 Num.
543 2975 796 3059 DCCXCIV.
860 2977 965 3072 1315.
993 3003 1049 3083 tp
1069 2977 1175 3057 Dect
1221 2977 1285 3055 Ea
1309 2974 1507 3076 originali.

208 3078 212 3089 ¹
261 3131 302 3206 K.
320 3124 530 3214 mutam
548 3129 603 3193 des
623 3130 695 3191 dem
717 3123 841 3192 Piarrer
857 3111 894 3190 iu
916 3131 1085 3211 Naahhurg
1108 3129 1214 3192 wider·
1232 3129 1283 3194 die
1304 3129 1428 3192 Fischer
1446 3125 1583 3232 desethst
1601 3147 1651 3192 er·

238 3262 242 3270 ·
304 3231 306 3237 ⁸
343 3253 346 3258 '
417 3248 423 3266 '
503 3260 506 3269 ¹
802 3237 936 3298 theilten
957 3237 1106 3298 Urtheils.

298 3379 389 3471 Wtr
411 3375 643 3460 Ludwich
673 3361 765 3468 ron,
784 3379 881 3460 Gots
907 3381 1084 3479 31111111
1110 3377 1334 3461 Rhmischer
1358 3379 1512 3474 huarch,
1541 3379 1711 3474 ae-'allsa
1741 3425 1750 3458 .·

202 3479 337 3562 tettan
365 3503 493 3558 meter
514 3479 582 3558 des
610 3477 751 3574 Riches
778 3481 850 3557 tun
881 3479 1002 3556 chunt
1034 3479 1137 3556 allen
1168 3482 1258 3574 den,
1289 3481 1354 3557 die
1376 3478 1494 3558 dicen
1523 3477 1628 3556 brici
1646 3501 1712 3554 art·
1798 3509 1803 3514 ·

202 3579 339 3658 sehent
370 3579 464 3656 oder
486 3577 627 3654 herent
662 3579 781 3671 lesen,
814 3577 881 3652 daz
900 3587 972 3654 wir
995 3579 1057 3654 dic
1086 3577 1418 3671 Urtaihhest‘a'tcn,
1448 3577 1531 3652 und
1553 3577 1711 3667 wellen,

178 3673 335 3764 ,sust
373 3675 645 3762 swtcnriohen,
670 3685 745 3752 stet
782 3673 864 3752 und
895 3673 1184 3757 unrerbrochen
1215 3676 1388 3766 heletbe,
1423 3673 1462 3748 di
1495 3674 1568 3750 der
1598 3673 1713 3748 erhar-

202 3772 328 3852 Mann
361 3767 531 3846 Chunrat
558 3775 633 3850 der·
651 3771 795 3872 piarrer
827 3796 871 3850 ze
892 3771 1066 3850 Persen
1091 3797 1162 3850 ror
1191 3775 1293 3850 oiien
1322 3769 1504 3877 Geriphte
1523 3794 1565 3846 ze
1595 3769 1712 3868 Nep·

203 3867 354 3969 purch
375 3867 609 3954 hat'behabt
629 3869 700 3945 mit
724 3871 906 3948 roaht'em'
924 3871 1034 3947 recht
1060 3871 1161 3948 uach
1182 3871 1252 3947 der
1270 3869 1464 3948 erberstan
1481 3869 1562 3944 und
1575 3866 1712 3948 besten
1831 3867 1839 3875 '

207 3967 306 4073 dage
335 3965 461 4046 wider
483 3964 555 4077 dics
573 3965 734 4043 Vischer
759 3991 801 4045 ae
825 3967 1020 4068 Nappurg,
1051 3969 1136 4044 und
1153 3967 1209 4043 ist
1225 3968 1324 4042 auch
1349 3967 1469 4044 diselb
1500 3965 1712 4131 Urtailpe·

205 4073 414 4172 antwurtet
451 4063 628 4159 versrgelt
649 4065 995 4171 undetsortliebes
1025 4065 1104 4143 und
1123 4059 1349 4142 Hainriches
1379 4065 1447 4141 der
1470 4057 1619 4155 Zanger
1665 4085 1711 4134 n·
1744 4158 1747 4164 Ι

205 4163 310 4274 agei.
340 4157 519 4244 undaret
546 4159 689 4238 dtselbs
726 4161 850 4240 Urtatl
863 4165 1004 4284 udaian,
1044 4163 1111 4239 aaz
1144 4161 1207 4238 die
1244 4159 1407 4258 Vischer
1437 4183 1479 4235 se
1504 4157 1713 4330 1111111113

103 4409 110 4416 ,
206 4253 1715 4455 11111111111111.
