3712 4794
619 395 652 452 3
749 381 1125 467 ‘er-‘toou-
1240 393 1321 416 ·'

213 570 325 646 ritate
345 563 463 666 Regia
486 559 647 643 firmiter
665 577 710 640 aa
734 542 915 656 districtc,
947 580 998 640 ne
1020 557 1147 672 aliqua
1168 545 1351 665 deinceps
1368 571 1542 668 persona,
1564 563 1639 643 alta
1663 549 1729 648 'rel

214 665 384 759 humilis,
421 667 686 742 Ecclesiastico
713 665 779 742 vel
810 659 1004 754 secularis,
1049 686 1313 762 culuscunque
1344 678 1462 738 status
1493 687 1562 742 seu
1588 659 1729 742 ‘condi-

215 764 333 842 tionis
365 761 518 855 existat,
558 762 703 862 prefato
745 758 976 836 thesaurario
1021 755 1179 859 abcujus
1226 762 1490 858 impedimenti
1530 763 1728 840 materiam

216 874 382 964 prestare
408 871 609 960 presumat,
641 882 719 956 quo
745 855 871 931 minus
895 854 1082 930 Vicariam
1107 855 1215 932 bruci
1231 854 1289 931 de
1313 856 1416 934 Villa
1440 873 1641 958 prenotata
1671 859 1727 938 irt-
1846 883 1849 891 ’

215 959 387 1050 stituere,
426 971 465 1052 et
492 955 660 1030 Clericus
684 955 732 1030 ad
756 954 862 1036 hmoi
890 951 1081 1031 Vicariam
1106 964 1328 1054 assumptus,
1363 953 1428 1054 qui
1454 981 1524 1054 pro
1550 971 1728 1057 tempore

106 1075 109 1093 ·
215 1055 340 1150 fuerit,
375 1051 664 1152 Villamipsatn
690 1077 778 1128 cum
804 1047 988 1128 fructibus
1022 1063 1061 1128 et
1079 1061 1325 1224 pertinentiis
1357 1064 1431 1124 suis
1456 1051 1613 1166 pacifice
1634 1079 1729 1166 ‚pcr-

215 1163 335 1256 petuo
367 1148 562 1253 possidere
586 1152 708 1228 caleat
740 1161 781 1226 et
811 1142 965 1244 habere,
1002 1172 1048 1225 ac
1107 1161 1331 1238 coementes
1362 1171 1410 1226 ex
1443 1175 1548 1230 nunc
1578 1171 1730 1244 irritum
1814 1147 1849 1162 ''

18 1257 19 1314 ἶ
138 1317 144 1347 ,
217 1264 256 1330 et
281 1239 405 1338 inane,
442 1259 471 1332 si
504 1245 595 1360 quid
621 1259 753 1323 contra
778 1245 996 1346 premissam
1028 1261 1197 1322 nostram
1230 1245 1516 1322 concessionem
1550 1267 1589 1326 et
1616 1249 1741 1328 bmoi
1791 1259 1827 1288 '¹

81 1372 89 1386 ’
162 1396 169 1413 x
214 1347 411 1450 prebende
438 1345 717 1420 institutionem
745 1342 1007 1446 inposterum
1033 1353 1235 1439 contigerit
1265 1356 1383 1420 actam
1412 1343 1495 1420 tari.
1544 1350 1588 1420 ln
1622 1342 1729 1446 cujus

145 1463 150 1470 ·
214 1446 272 1522 rei
302 1442 564 1520 testimonium
589 1454 784 1543 presentes
818 1441 962 1520 litteras
993 1432 1197 1522 ma‘estatis
1227 1453 1358 1519 nostre
1386 1370 1522 1538 {igino
1553 1439 1743 1546 jussimus
1799 1487 1803 1494 ·

15 1547 17 1560 '
215 1540 455 1618 communiri.
505 1539 646 1618 Datum
679 1540 722 1616 in
755 1539 871 1616 Aste
902 1539 1014 1621 VIII.
1082 1541 1129 1634 al.
1162 1539 1408 1637 Decembris,
1444 1565 1547 1618 anno
1581 1541 1728 1622 domini
1761 1555 1763 1564 '

218 1641 323 1717 idio.
347 1639 473 1738 Regni
495 1662 589 1719 vero
613 1647 677 1713 nri
695 1663 798 1714 anno
822 1638 1004 1748 secundo.
1069 1679 1073 1694 a

605 1796 763 1884 Sigillum
784 1791 954 1884 majestat.
974 1788 1332 1888 illaesum'cdpettdrt.

375 2065 493 2156 Num.
516 2029 845 2154 bchxxxvi.
895 2072 1001 2152 131⁸.
1030 2097 1086 2152 rr.
1111 2073 1233 2176 April.
1287 2015 1574 2174 Ex'Originali

75 2225 98 2254 “²
130 2315 134 2321 1
177 2301 184 2334 ⁸
209 2225 348 2300 comm
367 2227 427 2307 Epi
447 2227 649 2290 Confirmatio
670 2225 865 2288 Concordiae
883 2223 981 2288 factae
1006 2227 1092 2288 iuter
1110 2246 1203 2290 suurn
1223 2229 1416 2306 Capitulum,
1445 2233 1478 2289 et
1497 2227 1667 2329 Prrocbura
1689 2223 1725 2296 ia

453 2331 608 2396 Riekcfea
629 2321 669 2393 de
688 2332 847 2394 calcandis
867 2332 1029 2395 annuatim
1044 2335 1085 2394 ab
1105 2333 1166 2394 boc
1187 2335 1236 2400 tc·
1253 2333 1356 2396 suffia
1377 2333 1482 2395 tritici·
1729 2325 1731 2336 '

307 2465 391 2551 Nos
412 2463 698 2550 chunradus
722 2465 786 2553 dei
810 2465 1063 2576 graEcclesie
1086 2467 1331 2576 Ratisponen.
1356 2475 1463 2576 Epus
1485 2473 1730 2577 presentibus

209 2565 452 2673 profitemur,
474 2573 598 2672 *quod
635 2595 724 2650 cum
760 2571 864 2652 iuter
904 2573 1064 2652 dilectos
1096 2573 1302 2654 confratres
1342 2589 1508 2667 nostros,
1549 2571 1746 2651 Ecclesia.
1846 2579 1847 2582 ’

144 2733 179 2756 ,,
208 2689 338 2748 nostre
363 2672 580 2770 Capitulum
606 2689 643 2746 et
668 2670 793 2748 virum
826 2671 1031 2749 discretum
1055 2671 1315 2748 Reichfridum
1347 2672 1612 2766 Sacerdotem,
1651 2669 1723 2750 Vi·

161 2856 167 2870 „
209 2763 353 2844 carium
385 2789 495 2842 suum
529 2765 572 2843 in
608 2766 905 2847 Lenchoven
929 2770 979 2847 de
1009 2769 1263 2845 satisfactione
1295 2767 1487 2868 pensionis
1518 2779 1607 2844 anni
1640 2791 1725 2868 pre·¹

208 2873 313 2940 ceriti
348 2863 477 2942 debite
501 2863 648 2942 sibide
672 2867 842 2966 predicta
866 2865 1055 2956 Ecclesia,
1089 2865 1272 2942 extitisset
1303 2865 1535 2963 aliquamdiu
1567 2891 1724 2943 concer-
1841 2919 1844 2970 :

208 2971 343 3054 tatum,
376 2981 416 3038 et
441 2963 677 3039 concertatio
702 2963 809 3037 hmoi
833 2963 990 3040 tandem
1011 2961 1140 3039 fuisset
1155 2987 1225 3062 per
1248 2961 1489 3038 concordiam
1508 2973 1722 3055 terminata,
1840 2987 1843 3066 3

108 3073 114 3080 '
208 3060 371 3161 predicti
403 3060 607 3136 confratres
638 3059 759 3138 nostri
779 3074 900 3136 caute·
927 3062 1102 3136 volentes
1128 3057 1279 3136 casibus.
1301 3055 1486 3160 similibus
1519 3083 1722 3161 precavere
1820 3109 1826 3123 ι
1839 3097 1842 3156 ;

209 3170 249 3234 et
293 3175 449 3256 omnent
488 3157 615 3253 future
659 3153 870 3258 questionis
913 3155 1112 3236 materiam
1152 3162 1367 3256 amputare,
1411 3181 1500 3232 curn
1545 3159 1722 3258 predicto
1774 3171 1788 3184 '

207 3250 430 3333 Reicblrido
465 3253 507 3330 in
537 3251 731 3332 locatione
749 3249 936 3358 'ejusdem
962 3253 1134 3331 Ecclesia
1159 3253 1398 3330 Leuchoven
1431 3253 1542 3330 nobis
1572 3254 1724 3332 scienti-t

95 3389 98 3398 ·
206 3347 288 3454 bus,
321 3349 638 3438 auctorizantibus
666 3365 706 3438 et
729 3350 1029 3454 approbantibus
1054 3351 1180 3427 taliter
1204 3364 1481 3444 convenerunt,
1513 3349 1617 3451 quod
1638 3375 1724 3453 pre·

206 3445 345 3530 dictatn
377 3449 587 3528 Ecclesiam
621 3475 710 3527 curn
743 3447 921 3526 omnibus
952 3448 1176 3525 utilitatibus
1208 3447 1283 3524 suis
1315 3446 1388 3526 sibi
1428 3451 1648 3527 locaverunt
1681 3459 1722 3533 ct
1825 3476 1830 3489 ⁴

201 3547 440 3623 ‘comiserunt
471 3547 678 3644 regendam
713 3567 752 3626 et
782 3549 1009 3640 tenendam,
1045 3557 1153 3623 annis
1183 3545 1338 3644 singulis
1368 3545 1439 3620 sub
1471 3569 1595 3622 annua
1628 3571 1722 3646 pen·
1817 3546 1830 3623 ,“

206 3649 340 3732 done,
390 3644 571 3722 videlicet
611 3641 854 3757 quadraginta
883 3645 1076 3722 scalfarum
1110 3641 1228 3720 tritici
1260 3643 1525 3721 solvendarum
1560 3641 1631 3718 sibi
1672 3643 1722 3720 de

151 3795 155 3806 .
206 3739 390 3816 fmctibus
414 3761 453 3821 et
478 3741 774 3819 obtentionibus
804 3741 919 3842 ipsius
950 3735 1139 3835 Ecclesia,
1179 3755 1245 3816 aut
1277 3753 1445 3842 ipsorum
1476 3749 1635 3818 nomine
1660 3761 1722 3816 ce·
1805 3818 1808 3823 ,

119 3899 125 3908 .
190 3833 343 3916 'larario
374 3855 475 3933 suo,
498 3849 564 3938 qui
594 3865 665 3951 pro
690 3849 879 4010 'tempore
910 3839 1035 3932 fuerit,
1072 3849 1113 3915 in
1140 3837 1305 3916 Ciuitate
1338 3839 1535 3940 Ratispon.
1573 3841 1617 3914 in
1657 3831 1723 3913 die
1825 3879 1826 3884 =

205 3933 308 4012 beati
333 3933 511 4028 Martini,
543 3934 657 4034 ipsius
682 3934 776 4014 Reic
806 3933 892 4012 fridi
916 3936 1089 4038 periculo
1114 3947 1153 4014 et
1179 3933 1364 4036 expensis,
1391 3937 1561 4034 gradine,
1586 3931 1721 4011 sterili·

206 4043 304 4126 tate,
344 4029 541 4109 communi
572 4033 677 4110 bello
700 4047 802 4111 terre
828 4037 892 4112 vel
925 4059 1013 4113 casu
1042 4033 1218 4138 quolibet
1244 4033 1321 4110 olio
1347 4033 1647 4126 nonobstante,
1677 4029 1721 4108 in
1817 4036 1822 4131 j

260 4153 281 4203 a
312 4131 506 4208 solutione
533 4127 568 4206 si
599 4127 641 4204 in
666 4145 774 4231 parte
798 4133 862 4210 rel
886 4145 972 4210 toto
992 4133 1189 4230 negligens
1213 4129 1328 4208 fuerit
1350 4135 1415 4206 out
1437 4123 1630 4220 remissus,
1670 4151 1721 4206 cx
1817 4150 1822 4161 ·

118 4271 121 4276 -
248 4245 299 4302 no
319 4227 493 4326 predicto
514 4226 577 4304 die
599 4225 703 4304 beati
717 4221 876 4306 Martini
898 4231 1037 4346 elapso,
1063 4229 1112 4305 ab
1137 4225 1244 4305 omni
1266 4222 1363 4328 jure,
1387 4225 1418 4300 si
1440 4226 1548 4334 guod
1573 4224 1645 4299 sibi
1672 4247 1721 4302 ex

204 4323 395 4402 locatione
420 4323 527 4400 bmoi
553 4325 806 4426 competebat,
842 4327 982 4406 cecidrt
1007 4326 1088 4426 ipso
1115 4323 1225 4419 facto,
1256 4325 1404 4400 nullum
1434 4345 1496 4422 Jus
1521 4343 1586 4398 aut
1611 4345 1719 4424 spem

203 4421 325 4522 nana
348 4420 594 4528 relocationis
611 4419 772 4526 alicujus
802 4421 1177 4533 smodo'habitunrs,
1192 4447 1195 4456 ·
1210 4433 1250 4502 et
1272 4417 1545 4502 nichilominus
1569 4439 1718 4502 rotenia
