3862 4812
471 438 473 444 y
743 357 851 436 105
902 345 996 436 1056
1043 305 1136 433 w·
1584 419 1589 432 ,

391 514 528 600 'Num
552 460 746 602 nichili.
797 514 986 620 tityi-'100
1011 513 1163 618 'Aprilis
1210 509 1272 596 Ex
1299 463 1496 628 originali.
1536 601 1556 631 ,1

200 673 404 744 marmus
427 657 644 752 Eplis‘minic
669 672 698 736 S·
718 671 865 735 Andreae
884 678 1055 750 ⁴ermrtuae
1082 671 1118 732 in
1137 672 1274 736 Ecclesia
1296 676 1469 738 cathedrali
1488 663 1637 742 amastis
1654 693 1715 760 pre

363 779 611 843 muncrarius
630 777 777 842 Andrm
796 776 998 840 tiiderrcaier
1017 777 1177 857 Capellacii
1202 777 1233 842 8.
1251 778 1400 858 Stephstli
1417 780 1548 888 ibidem.

301 923 539 1006 chricus
562 920 626 1002 dei
651 939 735 1000 etc
763 921 920 1002 cstollce
943 919 1052 1002 Sedis
1073 945 1141 1022 gra
1162 921 1263 1025 Epus
1285 923 1529 1026 Ratirponen.
1550 881 1721 1028 Uulter·¹

6 1035 10 1052 '
47 1102 48 1110 ,
163 1025 251 1122 -sis
286 1037 326 1104 et
361 1025 515 1122 unguis
545 1019 625 1121 Xpi
655 1017 709 1102 fid
751 1019 832 1095 ’bus
859 1017 1108 1136 presentibus
1133 1033 1173 1099 et
1202 1019 1338 1099 suturis
1371 1027 1529 1120 salutem
1562 1023 1604 1100 in
1634 1023 1713 1136 dnp

201 1117 482 1228 sempitdmam.
545 1118 743 1196 Pastoralis
767 1112 883 1194 officu
907 1119 1124 1196 sollicitudo
1154 1145 1224 1196 nos
1245 1121 1418 1196 hortatur
1440 1133 1480 1198 et
1506 1139 1714 1214 ammonet,
1850 1176 1854 1182 -

202 1245 244 1299 ur
268 1247 326 1315 ea,
360 1219 541 1320 querzelo
569 1216 781 1295 devotionis
809 1241 880 1316 pro
907 1213 1027 1292 divini
1052 1215 1177 1293 culms
1206 1237 1414 1316 augmento
1443 1229 1483 1296 et
1514 1217 1716 1322 presertim

203 1332 396 1398 missarum
422 1313 739 1394 celebrationibus
764 1311 875 1407 fiunt,
900 1312 962 1416 pia
984 1308 1253 1415 prosecutione
1277 1335 1316 1394 et
1337 1327 1467 1395 votivo
1489 1317 1617 1392 animo
1638 1339 1714 1390 am·

230 1419 424 1493 lactamur.
490 1413 538 1486 ln
573 1411 646 1488 hiis
676 1411 822 1494 etenim
858 1422 1040 1488 memoria
1077 1411 1269 1489 dominice
1309 1413 1488 1514 passionis
1522 1416 1714 1505 recolitur,

131 1594 138 1615 x
201 1447 239 1594 ii
268 1539 309 1588 us
333 1510 414 1628 ipse
438 1507 621 1602 sumitur,
653 1529 693 1588 et
717 1531 786 1682 pro
811 1505 982 1585 fidelium
1009 1519 1085 1584 tam
1110 1508 1294 1600 vivorum,
1309 1591 1316 1602 ‚
1332 1505 1443 1611 quam
1475 1521 1715 1587 monuoium

204 1542 322 1689 sainte
346 1611 522 1685 imolamr
546 1604 693 1686 assidue
747 1604 842 1684 ostia
866 1605 1045 1684 salutaris.
1095 1604 1195 1686 Sane
1218 1607 1480 1691 oblata-nobis·
1504 1631 1577 1710 prc
1606 1619 1716 1708 parte

95 1725 98 1738 '
205 1708 440 1799 venerabilis,
470 1705 831 1884 honorabiliumpie
854 1703 896 1784 in
911 1705 1009 1822 ‘Xpo
1035 1703 1181 1784 sincere
1211 1705 1449 1822 dilectorum¹
1464 1703 1717 1804 Magri'C'on-

819 1818 977 1882 centrata
1002 1803 1408 1898 Canonici,.Udalr1c1
1433 1805 1605 1896 Hueher,
1638 1805 1719 1976 Np-

205 1809 287 1886 radi
314 1807 466 1904 Onsorg
495 1804 738 1884 decretorum
790 1901 792 1906 Ι

205 1908 303 1984 colai
327 1903 376 1982 Se
404 1905 430 1978 d
456 1901 689 1978 vicariorum
713 1901 845 1980 Ecclie
876 1925 947 1979 ure
976 1901 1170 2002 Ratispon.
1202 1916 1243 1978 et
1269 1901 1417 1980 Urbani
1445 1905 1549 1978 Zaun
1576 1899 1681 2002 Cape
1698 1939 1716 1956 ·

204 2007 279 2084 lani
305 1930 477 2084 Eeciesie
501 1999 623 2074 sancti
646 1999 747 2074 Petri
772 2008 977 2074 consecrati
1004 2011 1111 2078 extra
1136 2024 1262 2074 muros
1283 2000 1491 2099 Ratispone
1517 2017 1718 2102 testamen·

205 2099 387 2178 tariorum
413 2097 604 2197 quondam
630 2093 814 2171 Andred
839 2091 1152 2198 Nidermayet
1176 2097 1360 2195 capellani
1389 2095 1510 2172 sancti
1533 2095 1717 2196 Stephani

201 2209 246 2273 in
270 2193 417 2270 ambitu
441 2191 613 2268 Ecclesie
638 2205 768 2270 nostre
789 2190 963 2292 predicte
989 2193 1126 2293 petitio
1151 2193 1385 2285 continebat,
1419 2195 1524 2294 qnod
1548 2203 1616 2292 ipsi
1650 2217 1720 2267 vc«

196 2297 329 2372 lenies
362 2299 501 2390 exequi
532 2295 803 2366 'testamentum
826 2311 904 2387 per
937 2289 1082 2374 dictum
1115 2293 1205 2366 olim
1231 2291 1423 2378 Andream
1454 2292 1613 2396 lactpm.
1633 2291 1717 2368 celo
1813 2363 1831 2374 ,

194 2385 423 2466 devotionis
447 2384 608 2475 accensi,
641 2385 690 2461 ad
719 2384 871 2462 laudem
898 2395 938 2463 ct
962 2385 1121 2482 gloriam
1146 2399 1274 2482 sancte
1308 2399 1348 2464 et
1379 2389 1579 2480 individue,
1594 2381 1717 2486 Trini-

207 2483 303 2578 tatis,
342 2503 381 2564 et
404 2482 669 2582 gloriosissime
695 2480 861 2584 Virginis
885 2483 1017 2574 Marie,
1049 2507 1124 2584 que
1147 2485 1372 2589 hymnidicis
1397 2485 1520 2586 choris
1544 2481 1719 2574 laudum·

208 2583 283 2688 qu'e
309 2593 496 2684 preconiis
521 2605 591 2682 per
616 2599 749 2658 cuncta
776 2578 908 2656 nrundi
945 2582 1096 2674 climata
1120 2582 1298 2660 omnibus
1327 2581 1545 2672 antefertur,
1584 2577 1720 2681 pe'rp'e-

101 2765 105 2776 ,
206 2700 312 2756 tuam
345 2679 492 2754 missam
525 2691 565 2754 in
598 2681 704 2755 altari
734 2677 804 2753 sub
838 2687 995 2754 nomine
1026 2692 1066 2757 et
1094 2679 1283 2757 vocabulo
1312 2678 1431 2758 sancti
1454 2679 1609 2756 Andree
1641 2679 1718 2778 apli

207 2777 304 2857 intra
328 2777 496 2853 Eccliam
520 2799 627 2852 nram
653 2775 918 2852 celebrandam
943 2787 1055 2852 certis
1080 2779 1213 2880 modis,
1248 2780 1366 2878 pactis
1390 2790 1431 2865 et
1456 2773 1585 2852 lormis
1605 2771 1717 2878 juxta
1771 2797 1776 2804 ·

207 2875 297 2969 vim,
329 2873 501 2949 ordinem
528 2895 566 2951 et
591 2893 766 2950 tenorem
790 2871 1005 2976 patentium
1028 2869 1428 2976 litterarumsdesup'er
1456 2873 1717 2952 confectarum

209 2965 259 3048 de
292 2993 479 3047 consensu
513 2989 551 3046 ct
582 2973 782 3047 voluntate
813 2969 1089 3048 venerabilium
1122 2969 1162 3046 i'n
1183 2973 1274 3088 llpo
1307 2972 1454 3049 sinceoe
1486 2972 1719 3049 dilectorum
1825 2969 1834 2980 '

74 3089 78 3102 ·
134 3104 138 3114 ·
208 3067 391 3145 Iohannis
416 3056 451 3142 N
455 3068 667 3144 eunhauser
697 3066 833 3144 decani
857 3061 1053 3168 totiusque
1077 3065 1244 3169 Capituli
1269 3069 1413 3148 Ecclie’
1429 3093 1499 3146 nre
1529 3068 1718 3169 prolibare

116 3177 133 3220 '·
207 3163 400 3243 debonis
433 3187 503 3264 per
532 3163 715 3266 prefamm
741 3165 933 3242 Andream
964 3163 1105 3242 relictis
1135 3167 1357 3246 fundassent
1386 3169 1502 3268 atq'ue
1534 3191 1582 3242 er
1613 3187 1718 3242 mera

112 3281 117 3288 '
208 3277 324 3364 atque
356 3261 518 3363 gratuita
548 3261 772 3339 liberalitate
801 3262 1006 3358 lructibus,
1042 3263 1254 3341 redditibus
1277 3279 1318 3341 et
1342 3263 1587 3368 proventibus
1610 3261 1718 3340 viic-

64 3403 68 3414 ·
207 3385 291 3438 rem
317 3361 518 3440 duodecim
549 3359 730 3436 librarum
756 3362 883 3440 denar.
915 3359 1001 3437 liat.
1027 3371 1144 3438 annui
1175 3375 1216 3443 et
1240 3363 1414 3465 perpetui
1440 3361 1587 3439 Census
1607 3384 1720 3454 ¹sixce-

192 3459 368 3536 =dentem
400 3457 609 3550 damnent,
650 3453 712 3559 jus
741 3458 970 3536 conlerendi'
997 3457 1101 3536 dicto
1135 3459 1282 3539 decano
1315 3480 1354 3538 et
1388 3459 1566 3560 Capitulo
1602 3481 1722 3538 reser-

149 3603 160 3611 ·
191 3561 350 3648 ,vando
389 3556 711 3657 quemadmodum
744 3575 782 3631 ct
834 3573 922 3631 rout
955 3579 1003 3632 ex
1030 3553 1164 3635 litteris
1195 3558 1331 3656 Sigillia
1360 3621 1363 3627 .
1389 3559 1594 3645 relatorum
1618 3555 1723 3634 Con·

191 3653 291 3742 ,radi
305 3654 443 3730 'Onsor
474 3707 484 3748 ,
512 3651 681 3733 Udalrici
713 3583 892 3746 Hueier,
932 3677 1007 3732 nec
1039 3681 1120 3732 non
1142 3653 1336 3749 Leonardi
1398 3673 1524 3730 artner
1548 3653 1722 3732 Civitatis

122 3843 126 3854 1
210 3747 402 3849 Ratispon.
438 3680 596 3828 iculten
630 3748 929 3864 appendentibus
961 3753 1126 3848 sigillatis
1165 3779 1294 3829 coram
1327 3751 1439 3829 nobis
1462 3747 1646 3828 'exhibitis'
1679 3771 1720 3828 et

116 3892 121 3900 ·
209 3845 405 3946 perlectis,
444 3875 603 3947 quarum
638 3868 751 3924 ettam
785 3867 957 3925 tenorem
990 3849 1040 3926 de
1069 3848 1191 3928 verbo
1220 3854 1268 3927 ad
1293 3849 1453 3929 verbum
1477 3847 1563 3924 heic
1588 3849 1720 3925 haberi

209 3945 384 4019 volumus
410 3971 478 4042 pro
503 3943 667 4038 inserto,
697 3969 737 4022 et
767 3945 816 4019 de
841 3941 912 4020 hiis
944 3949 1095 4045 plenam
1126 3947 1303 4024 notitiam
1334 3947 1536 4037 habentes,
1568 3945 1722 4118 plenius
1752 3957 1758 3978 ¹

64 4087 68 4095 -
211 4054 431 4118 continetur
456 4063 493 4117 et
526 4041 704 4136 habetur,
737 4042 896 4117 iecerint
928 4041 1039 4118 nobis
1072 4041 1167 4122 dicti
1195 4043 1468 4121 testamentarii
1498 4043 1564 4122 lun
1593 4057 1723 4122 atores

75 4189 90 4244 ¹-
210 4149 390 4238 tanquam
423 4142 495 4215 loci
524 4139 728 4215 Ordinario
761 4159 829 4238 pro
861 4137 974 4239 hmoi¹
992 4141 1234 4233 lundatione,
1269 4142 1483 4234 erectione,
1519 4137 1723 4217 auctoriza-

75 4269 91 4302 ε
210 4234 316 4312 tione
343 4255 379 4312 ei
408 4235 716 4327 confirmatione,
753 4250 797 4310 ut
823 4238 869 4310 ad
894 4237 966 4314 hec
992 4248 1219 4314 auctoritare
1244 4265 1310 4314 nra
1337 4239 1537 4316 Ordinaria
1561 4247 1723 4336 gratioee

210 4337 420 4436 procedere
451 4339 716 4433 dignaremur,
753 4329 880 4409 dehita
918 4347 1005 4410 cum
1041 4327 1218 4418 instantia
1239 4337 1468 4450 ”suppliciter
1501 4350 1542 4418 et
1580 4337 1723 4418 devote
