3712 4794
664 337 672 362 ²
794 361 871 414 v·
917 294 1154 445 stoi,
1201 306 1222 432 ,⁹
1306 300 1308 313 ’

178 524 467 636 prebendarum
491 539 643 604 uturum
666 513 933 609 sustinuimus,
967 511 1075 612 etin
1098 509 1266 600 futurum
1291 507 1487 616 possemus
1509 503 1730 618 sustinere,
1794 561 1800 578 ,.

185 633 362 722 solentes
387 622 521 702 fotuns
572 641 747 720 recavere
768 615 955 716 perieulis,
981 639 1069 688 oum
1088 613 1355 715 preteritorum
1380 639 1484 690 casus
1508 617 1557 689 ad
1582 613 1707 697 sutum
1843 660 1847 668 ·

186 749 259 806 uos
291 723 469 828 providos
499 648 663 798 reidere
699 713 866 792 debeant
903 726 1023 814 atque
1063 725 1222 805 cautos,
1264 738 1317 790 ne
1356 713 1405 791 de
1445 725 1575 810 cetero
1603 713 1706 792 tolia

61 815 64 831 '
188 828 353 927 dampna
385 819 570 922 possimus
601 828 794 890 incurrere
827 825 867 889 et
899 808 1127 888 detrimenta
1163 823 1368 903 sustinere,
1413 809 1488 886 hoc
1548 831 1727 912 erpetuo·

188 936 334 1004 statuto
359 917 626 996 inviolabiliter
650 911 889 987 observando
914 907 965 985 de
989 921 1178 984 consensu
1203 921 1242 986 et
1267 919 1492 988 auctoritate
1518 836 1706 987 Revereri·

187 1023 228 1098 di
253 1022 295 1096 in
319 1021 408 1118 Xpo
435 1014 549 1115 patris
575 1025 614 1087 ct
640 1011 724 1101 dui,
760 1009 826 1084 dut
851 1007 1013 1110 Nycolai
1036 1031 1168 1085 vener.
1201 995 1277 1106 Epi
1302 1000 1549 1106 Ratispoueu.
1572 1008 1703 1098 statui·
1836 1011 1839 1021 '

183 1145 270 1196 mus
301 1129 339 1192 ct
372 1112 487 1190 etiam
514 1107 743 1198 ordinamus,
767 1119 825 1210 ut,
849 1106 1002 1206 quando
1024 1105 1193 1182 Eccliam
1216 1107 1271 1180 ad
1294 1105 1620 1182 Preseutatiouem
1645 1103 1707 1186 nri

187 1211 376 1316 Capituli,
407 1210 505 1286 sicut
528 1219 618 1282 sunt
646 1204 819 1278 Chamb
846 1216 885 1279 et
907 1201 1088 1294 Salaer,
1123 1219 1163 1280 et
1189 1202 1424 1294 consimiles,
1449 1227 1525 1303 que
1550 1217 1706 1282 censum

80 1321 83 1332 '
182 1315 265 1398 aive
290 1309 444 1386 bladum
457 1307 604 1382 soluere
624 1313 806 1379 tenentur
819 1299 1000 1399 Capitulo
1026 1326 1097 1376 nro
1121 1302 1331 1392 annuatim,
1356 1325 1498 1378 uacare
1514 1301 1707 1396 contingit

182 1401 271 1490 sire
291 1430 359 1504 per
384 1416 549 1480 mortem
571 1425 650 1506 scu·
664 1397 1007 1490 renuntiationem,
1032 1412 1111 1474 -aut
1139 1398 1238 1512 viam
1256 1398 1567 1513 formationis,
1600 1399 1708 1500 cleri·
1818 1421 1821 1432 ·

64 1585 67 1590 ,
185 1531 253 1585 cus
278 1503 354 1593 ille,
377 1501 445 1602 qui
471 1525 540 1600 pro
564 1497 706 1594 ripario
733 1494 905 1608 ejusdem
922 1495 1055 1584 Ecclie
1079 1521 1120 1572 se
1146 1522 1266 1596 reorpr
1285 1495 1448 1598 petierit,
1464 1511 1532 1572 aut
1557 1495 1709 1590 wanti

185 1605 235 1680 ad
260 1615 375 1684 urum'
399 1600 516 1674 debet
539 1594 672 1674 venire
692 1593 914 1692 Capitulum
941 1604 1050 1670 certo
1076 1593 1236 1694 disper
1258 1619 1329 1670 uos
1352 1592 1428 1668 sibi
1448 1591 1616 1692 prolixo,
1639 1596 1708 1672 dio.

185 1723 277 1778 cens
302 1695 402 1772 diio's'
422 1699 485 1773 vel
509 1708 585 1771 tres
611 1688 852 1794 fidejussores
875 1705 1000 1768 certos
1027 1711 1067 1766 et
1091 1691 1133 1767 iri
1158 1689 1272 1778 rebus
1293 1691 1396 1767 benc
1416 1689 1613 1780 habentes,
1640 1700 1707 1791 qut
1754 1717 1757 1728 ¹

183 1807 406 1898 promittant
494 1815 557 1866 uui
589 1800 628 1866 et
659 1815 730 1904 pro
754 1802 802 1865 eo
830 1799 872 1866 lu
896 1787 1080 1882 solidum,
1116 1803 1159 1867 et
1187 1801 1234 1863 ut
1260 1787 1487 1889 principales
1513 1788 1708 1866 debitores

52 1955 56 1964 .
112 1927 119 1938 ·
184 1898 334 1972 solvere
360 1817 529 1967 debilius
561 1911 787 1988 pensionem
814 1899 854 1960 et
878 1901 1100 1960 consuetam
1132 1884 1175 1977 in
1206 1896 1279 1959 suis
1305 1884 1496 1977 teiminis,
1527 1898 1643 1985 prout
1668 1885 1709 1966 iu
1817 1905 1836 1918 ‘

116 2025 118 2038 ·
158 2005 372 2094 'quaterno
405 2012 473 2062 seu
506 1985 667 2079 registro
695 1979 863 2079 Capituli
893 1992 1118 2072 annotatur,
1164 1980 1338 2092 quolibet
1369 2007 1491 2074 auno,
1526 2007 1607 2058 uon
1640 1983 1709 2057 ob·

175 2085 371 2164 stantibus
401 2081 598 2179 grandine,
628 2073 839 2166 sterilitate,
871 2073 1065 2169 incendio,
1103 2095 1243 2174 rapina,
1281 2101 1441 2174 gwerra,
1477 2090 1613 2173 steura,
1645 2082 1708 2158 vel
1781 2157 1786 2166 ,
1841 2092 1847 2110 “

187 2203 420 2287 quocunque
444 2183 519 2253 rlio
544 2172 734 2252 essurire
760 2173 913 2250 delectu
938 2175 1206 2274 hicexpresso
1229 2179 1293 2278 rel
1317 2201 1399 2274 non
1424 2202 1613 2278 expresso,
1629 2176 1708 2255 sed

187 2291 335 2382 precise
365 2278 407 2352 in
433 2297 588 2352 omnem
615 2283 809 2350 eventurn.
876 2271 981 2346 Etsi
1007 2269 1149 2346 hocin
1200 2277 1394 2366 arte,.vel
1427 2287 1466 2348 in
1491 2289 1577 2352 tcto
1609 2277 1709 2356 foret
1815 2345 1818 2352 .

186 2373 468 2480 pretermissum
501 2375 564 2449 vel
590 2371 808 2466 neglectum
837 2391 910 2477 per
935 2371 1111 2451 eumvel
1136 2300 1393 2470 disjuncta,
1432 2397 1480 2450 ex
1506 2397 1609 2447 nuuc
1635 2382 1706 2488 pri·
1770 2462 1772 2470 Ι

187 2488 295 2552 vatus
326 2471 373 2547 sit
407 2471 490 2572 ipsc
524 2469 623 2544 iacto
656 2479 696 2543 et
721 2475 802 2565 ipso
831 2491 919 2566 Jure
952 2479 1057 2542 omui
1090 2471 1295 2544 commodo
1328 2489 1391 2542 snt
1422 2465 1508 2571 jure
1535 2466 1579 2542 ‘in
1605 2473 1708 2546 dicta
1794 2519 1809 2548 v

150 2611 154 2620 ·
188 2571 317 2649 Ecolia
342 2567 638 2668 sibiacqulsito,
669 2575 738 2656 ita,
765 2565 868 2664 quod
892 2588 973 2639 non
998 2577 1171 2666 oporteat
1198 2575 1321 2666 ipsum
1346 2553 1516 2659 moneri,
1539 2591 1613 2644 nec
1639 2591 1707 2668 per

187 2665 417 2749 seutentiam
442 2676 588 2765 privari,
624 2663 691 2739 sed
716 2660 843 2737 statim
869 2662 918 2736 ad
942 2662 1206 2767 receptionem
1232 2663 1386 2741 alterius
1413 2664 1548 2742 Clerici
1575 2689 1707 2766 proce·
1739 2691 1745 2702 ’
1793 2746 1795 2757 ,

188 2767 278 2844 dere
303 2762 373 2841 nos
398 2762 602 2865 possimus,
636 2777 685 2838 et
715 2760 766 2833 ad
788 2760 1060 2865 illam‘peuam
1092 2787 1133 2839 se
1165 2761 1313 2860 obliget
1345 2769 1555 2864 spontanee
1589 2783 1627 2842 et
1659 2762 1708 2855 sit

190 2863 390 2958 obligatus,
418 2881 457 2938 et
481 2859 787 2960 quandocunque
812 2855 1146 2972 quotienscunque
1169 2861 1368 2956 continget
1393 2887 1513 2936 unum
1540 2864 1589 2937 de
1614 2859 1709 2939 lide·

95 3001 99 3008 ·
188 2956 397 3062 jussoribus
421 2969 494 3032 suis
521 2981 601 3032 noti
626 2977 721 3043 esse,
745 2957 806 3028 vel
831 2956 879 3029 ad
905 2965 1050 3029 tantam
1066 2955 1246 3056 ,mopiam
1272 2956 1465 3048 devenire,
1500 2962 1605 3057 quod
1629 2985 1706 3035 am·

152 3133 156 3144 ,
190 3057 308 3134 modo
334 3072 431 3132 esset
464 3052 660 3130 communi
693 3047 876 3149 opinione
909 3077 990 3126 non
1020 3053 1223 3144 solvendo,
1263 3073 1353 3130 tunc
1378 3055 1592 3132 monitione
1617 3083 1708 3158 pre·

190 3154 306 3232 missa
325 3151 421 3228 inira
446 3149 678 3250 quindenam
702 3173 724 3221 a
749 3149 811 3223 die
837 3159 1054 3234 monitionis
1080 3149 1197 3242 lacte,
1230 3151 1347 3227 debet
1372 3151 1486 3232 aliurn
1513 3153 1710 3256 fidejusso-

188 3277 270 3331 rem
297 3273 396 3350 eque
421 3247 566 3324 bonum
591 3246 817 3323 substituere
842 3241 884 3321 iu
909 3247 1094 3346 Capitolo,
1119 3251 1182 3324 vel
1208 3272 1335 3344 coram
1361 3275 1421 3344 eo,
1446 3255 1509 3328 vel
1534 3251 1599 3343 eis,
1627 3248 1710 3352 qui.
1824 3271 1851 3314 π

190 3350 261 3436 bus
287 3357 327 3423 in
351 3348 422 3421 hac
447 3359 556 3446 parte
575 3343 806 3443 'Capitulum
831 3341 935 3420 vices
959 3355 1190 3421 commiserit
1217 3356 1386 3440 saulce,
1417 3349 1488 3422 sub
1515 3372 1614 3446 pena
1638 3375 1750 3434 seu.

190 3448 299 3547 penis
324 3449 495 3544 superius
519 3440 728 3534 annotatis,
763 3463 840 3516 nec
864 3464 933 3538 per
956 3441 1031 3518 hoo
1057 3443 1220 3518 eandem
1248 3469 1384 3545 penam
1410 3469 1478 3522 seu
1511 3471 1626 3544 pena,
1647 3473 1709 3522 su.
1736 3511 1746 3516 ,

106 3559 110 3572 ·
174 3545 381 3644 ,predictas
401 3541 552 3633 euadat,
588 3542 620 3616 si
646 3561 793 3638 partein
815 3537 990 3634 solverit,
1025 3539 1099 3617 uisi
1124 3552 1252 3618 totum
1276 3555 1318 3622 iu
1342 3541 1516 3644 quolibet
1542 3554 1708 3628 termino

194 3643 341 3718 solvere
364 3639 491 3739 ipsum
516 3637 726 3735 contingat.
1143 3649 1157 3667 “
1706 3689 1711 3696 .

32 3818 37 3826 ’
99 3847 112 3942 J
206 3855 256 3910 .·
294 3835 377 3922 Not
402 3840 515 3912 etiam
541 3837 781 3940 Nyoolaua
800 3833 876 3916 ¹dei
899 3807 973 3934 'gra
996 3835 1128 3940 Ecclie
1155 3816 1397 3956 Ratlsponeu.
1422 3837 1526 3956 Epus
1553 3853 1713 3944 propter
1848 3927 1850 3932 ¹

192 3959 368 4031 magnam
395 3931 598 4010 utilitatem
624 3947 665 4013 et
692 3951 891 4028 urgentem
913 3937 1180 4016 necessitatem
1211 3965 1280 4026 nrt,
1298 3939 1482 4052 Capituli,
1518 3960 1558 4016 et
1582 3961 1623 4014 ut
1649 3967 1714 4015 oa«
1835 3959 1843 3971 ·

161 4067 166 4080 ·
192 4057 348 4110 veamua
373 4032 638 4132 indempnitati
664 4044 828 4144 ipsorum
855 4032 1086 4110 confratrum
1110 4059 1289 4128 ntorum,
1316 4037 1393 4112 -hiis
1418 4029 1595 4118 omnibus
1621 4043 1713 4138 pre·
1843 4059 1850 4088 ¹

193 4129 341 4240 scriptis
372 4137 467 4205 cum‘
494 4127 602 4229 penis
626 4130 783 4230 adjectis
809 4145 1083 4222 consentimus,
1123 4131 1218 4246 ipsas
1245 4159 1295 4211 ue
1326 4158 1444 4234 penas
1474 4145 1570 4210 ratas
1593 4135 1714 4214 habe·

167 4249 277 4307 utus
305 4243 344 4304 et
370 4240 485 4306 etiam
511 4222 801 4320 confirmamus,
834 4241 874 4302 et
906 4241 950 4302 ut
983 4161 1243 4306 ordinationi

99 4373 103 4388 .
176 4348 335 4453 ‘'axruno
365 4324 572 4408 sententias
601 4335 788 4428 pistacias
821 4324 1064 4424 proterimus
1080 4324 1124 4410 iu
1153 4325 1229 4406 hiis
1256 4327 1404 4432 scriptis
1436 4341 1476 4410 et
1507 4329 1622 4418 etiarn
1646 4355 1725 4444 apg

1244 4225 1346 4308 udex
1379 4255 1550 4323 exnunc,
1592 4245 1713 4336 prout
1847 4245 1849 4248 ’
