3862 4812
787 275 1140 450 sione
1384 309 1434 378 θ

154 579 159 589 ,
201 491 394 592 imni-rii
417 501 652 584 mimori‘iin'.
704 485 789 579 Etsi
819 499 994 582 Romane
1018 497 1143 600 liegie
1159 496 1364 600 ‘dignitatis
1398 523 1580 604 generosa
1603 501 1726 586 suti.
1779 542 1788 554 ·

107 661 111 668 .
186 607 406 698 -mitesetc
456 602 633 706 Reliqua
656 599 1721 699 nisinadannnmrms.101Januarsisuprattom,
1892 667 1896 672 .

72 708 76 720 ¹
205 705 386 794 muln:
455 699 537 778 Nos
573 698 909 803 itaquoprecibus
940 697 1142 778 memor-ui
1171 696 1418 798 Ei³utpote
1453 699 1591 776 rationi
1631 727 1721 788 cous

93 869 98 876 .
205 797 638 894 moissincli'nstiftum
664 797 780 877 etism
805 792 1031 899 quod·jtists
1054 725 1273 898 petentibus
1299 818 1380 872 non
1405 803 1453 870 sit
1474 795 1718 894 denegsndus
1778 821 1783 828 ·

153 913 160 924 “
204 903 385 996 assensus,
416 898 658 976 nihilominus
679 895 808 973 animo
826 897 1029 974 voluntatis
1047 890 1222 972 studiosis
1242 890 1434 994 obsequiis
1448 917 1630 996 pureque
1651 899 1732 990 deuv

204 997 376 1086 votione,
408 995 548 1098 quibus
571 995 675 1076 idcm
700 993 910 1087 Heinricus
937 1007 1105 1072 nostram
1127 987 1399 1071 celsitudinem
1424 990 1717 1096 Romanumque

204 1095 413 1196 Imperium
436 1104 614 1196 prosequi
635 1103 848 1186 consuevit,
871 1103 1086 1194 poteritque
1100 1096 1398 1265 (pronuntiarim
1414 1086 1603 1183 futurum,
1636 1117 1719 1200 non

127 1203 134 1228 ·’
233 1215 463 1270 cremorem
490 1211 558 1268 aut
587 1193 815 1294 inprouidc,
841 1191 909 1267 sed
939 1198 1070 1288 animo
1127 1183 1329 1282 eliberato,
1360 1197 1455 1262 seno
1486 1186 1716 1289 Principum,

181 1215 428 1384 'iturorum
460 1287 657 1366 Nobilium
683 1305 722 1366 et
747 1283 916 1366 fidelium
941 1299 1159 1364 nostrorum
1182 1283 1395 1361 accedente
1419 1286 1575 1375 consilio
1598 1300 1717 1388 atque

33 1399 34 1412 ¹
120 1465 124 1474 ,
206 1411 254 1468 ex
281 1406 381 1464 certe
409 1414 436 1462 n
462 1404 543 1462 stra·
561 1385 720 1466 scientia
740 1383 912 1462 Heinrici
932 1385 1059 1464 Elect'i
1086 1403 1127 1464 et
1146 1377 1370 1462 confirmati
1393 1380 1588 1482 Ratispcn.
1611 1385 1717 1462 Prin·
1735 1421 1752 1458 .-

170 1545 175 1556 .
203 1495 314 1584 cipis,
345 1413 563 1580 consitam,
591 1499 629 1561 st
687 1509 709 1562 e
734 1479 814 1588 ejus
837 1483 970 1563 Ecclie
994 1490 1129 1588 omnia*
1153 1497 1193 1560 et
1217 1475 1363 1586 singula
1387 1478 1603 1578 privilegia,
1636 1482 1718 1559 uni.

201 1587 402 1684 vcrsssque
427 1583 635 1676 lislomoii
660 1600 812 1677 cristes,
837 1587 984 1682 gmtias,
1013 1590 1282 1669 immunitates,
1314 1599 1406 1676 qum,
1438 1588 1723 1676 concessiones,
1787 1630 1796 1658 .-

119 1741 120 1744 ,
203 1682 428 1758 donationes
453 1700 492 1758 et
516 1682 681 1772 indulta,
748 1703 799 1756 ue
825 1698 864 1756 et
933 1757 936 1762 ,
1011 1676 1270 1754 communiter
1301 1676 1366 1754 rei
1391 1673 1537 1758 divblm
1562 1697 1590 1752 ¹a
1622 1677 1719 1756 diris

178 1779 466 1856 ¹Romanorum
503 1706 796 1876 Imperatoriae
828 1793 868 1854 et
893 1703 1077 1890 &ibon
1102 1768 1444 1874 predecessoribus
1465 1769 1628 1869 nostris,
1665 1776 1715 1852 ah

203 1875 284 1954 aliis
309 1887 462 1975 quoque
487 1873 722 1974 Prmciptbus
748 1891 787 1952 et
811 1897 985 1974 personis¹
1006 1893 1273 1974 cupuscunque¹
1286 1886 1412 1964 status,
1446 1865 1592 1968 pedus,
1617 1869 1716 1948 crdi-
1742 1941 1747 1949 .

202 1983 281 2064 uls,
311 1982 376 2046 eut
397 1977 673 2071 preeminencie
701 1983 767 2045 aut
792 1971 1016 2048 conditionis
1047 1979 1121 2045 sint
1146 1973 1210 2048 vel
1238 1967 1397 2059 luerint,
1434 1978 1505 2042 rite
1534 1965 1718 2044 obtinue·
1812 1984 1817 1994 “

202 2082 310 2162 runt,
326 2077 385 2143 in·
400 2067 577 2144 omnihus
599 2075 672 2142 suis
697 2071 877 2161 articulis,
902 2063 1169 2159 continentiis,
1193 2062 1389 2141 tenoribus
1409 2071 1488 2160 slve
1507 2073 1714 2162 sententiis,
1767 2121 1795 2138 „„

201 2165 350 2273 punctis
372 2177 411 2242 et
432 2163 614 2255 clausulis,
639 2177 755 2264 prout
780 2165 830 2262 de
851 2163 971 2244 verbo
995 2165 1043 2240 ad
1066 2163 1224 2248 verbum
1250 2173 1385 2264 scripta
1404 2179 1442 2237 et
1459 2171 1598 2264 scripte
1614 2179 1714 2258 sunt,

65 2333 67 2338 .
165 2343 170 2348 ,
201 2274 249 2340 'sic
275 2271 305 2338 si
332 2273 485 2339 tenores
514 2262 697 2338 omnium·
715 2257 951 2363 presentibus
976 2259 1156 2364 specifice
1170 2259 1316 2337 'forent
1345 2257 1512 2352 insertis
1533 2271 1574 2337 et
1605 2258 1638 2336 si
1664 2261 1715 2340 de'
1777 2305 1784 2315 -

70 2395 79 2404 ·
204 2360 273 2436 biis
298 2354 383 2460 jure
410 2364 474 2438 vei
495 2359 774 2439 consuetudine
798 2359 948 2438 mentio
969 2358 1053 2438 fieri
1075 2359 1233 2436 deberet
1255 2353 1617 2460 specialissimum
1639 2355 1714 2436 ulis
1839 2391 1843 2424 ;

207 2469 337 2534 corum
363 2455 483 2550 bona,
510 2455 657 2556 ‘'udicia
686 2461 763 2535 alm
794 2469 835 2536 et
858 2456 977 2550 bassa,
1007 2460 1173 2557 aliasque
1200 2454 1493 2532 consuetudines
1518 2467 1557 2532 et
1572 2455 1720 2532 obsae-
1757 2523 1759 2530 .
1828 2525 1833 2534 .

205 2565 349 2660 vanitas
371 2483 588 2649 luudsblics
611 2579 767 2632 necnon
790 2577 877 2630 usus
899 2568 937 2632 et
957 2556 1122 2634 honores
1143 2553 1366 2650 eorundem,
1391 2561 1430 2629 ct
1456 2551 1637 2654 quicquid
1662 2551 1716 2631 dc

204 2651 373 2754 presenti
395 2650 566 2751 legitime
590 2653 802 2752 possident,
826 2662 1024 2754 presertim
1045 2661 1290 2752 suprascripta
1314 2649 1393 2725 duo
1416 2652 1607 2752 privilegia
1630 2672 1713 2727 me·
1756 2719 1760 2727 .

203 2768 435 2830 moratorum
464 2751 773 2850 predecessorum
799 2767 1012 2824 nostrorum
1044 2745 1225 2825 Friderici
1260 2747 1521 2824 Romanorum
1553 2752 1715 2848 impetu·

203 2855 294 2924 totis
317 2863 357 2924 et
379 2847 605 2944 sigismundi
625 2846 884 2924 Romanorum
906 2845 1031 2945 Regis,
1057 2844 1378 2946 quemadmodum
1398 2855 1565 2945 superius
1577 2854 1714 2942 insons
1792 2921 1801 2950 ,

158 3005 163 3016 .
204 2963 308 3038 sunt,
342 2944 609 3046 approbamus,
638 2941 888 3038 mtificamus,
921 2942 1163 3037 innovemus,
1196 2944 1247 3022 de
1273 2963 1376 3020 novo
1403 2943 1645 3033 concedimus
1672 2941 1737 3018 et'
1833 2942 1835 2949 '

203 3041 430 3154 suctotitste
455 3043 632 3128 Romans·
655 3041 864 3142 imperiali,
900 3039 1038 3118 nostris
1059 3021 1167 3118 diis·
1182 3059 1223 3119 et
1251 3050 1345 3117 sacri
1368 3039 1532 3115 Romani
1556 3036 1712 3154 imperii
1788 3105 1793 3114 .

201 3141 345 3256 lusibus,
370 3155 521 3238 semper
536 3143 662 3231 salvis,
685 3141 956 3239 auctorisantur
981 3155 1025 3222 ct
1044 3137 1334 3230 confirmation
1365 3148 1542 3236 quocirca
1563 3161 1714 3224 univer,

204 3238 252 3314 sis
274 3251 314 3317 et
334 3236 488 3332 singulis
510 3235 747 3336 Principibus
765 3237 913 3313 Ecclcis
937 3248 976 3314 et
998 3233 1238 3328 secularibus,
1260 3231 1558 3328 Marchionibus,
1585 3234 1712 3309 Comi·
1803 3275 1808 3286 ·

33 3331 74 3408 {⁸⁸
203 3333 316 3432 tibus,
339 3333 562 3424 Batonibus,
588 3331 799 3425 Nobilibus,
822 3333 1057 3428 Procerlbus,
1082 3333 1229 3425 Ballvis,
1244 3389 1246 3396 >
1261 3331 1586 3425 Universitatibus,
1600 3355 1714 3422 ‚coms
1809 3327 1812 3338 ’

202 3429 468 3520 munitoribus,
500 3439 710 3530 ceterisque
740 3441 876 3507 nostris
908 3447 947 3508 et
971 3429 1125 3531 Imperii
1154 3438 1246 3504 sacri
1277 3428 1434 3504 subditis
1460 3437 1715 3518 communiter:
1807 3443 1811 3450 ’

202 3549 251 3607 et«
268 3528 419 3606 divisim
444 3529 609 3602 districtc
636 3527 885 3626 precipiendo
914 3530 1150 3620 mandamus,
1190 3551 1243 3603 ne
1268 3525 1453 3624 prefatum
1485 3527 1711 3602 Heinricum

200 3627 421 3728 Prht'cipem
445 3636 483 3703 et
505 3624 753 3700 consiliarium
774 3638 963 3720 nostrum,
999 3635 1077 3702 slve
1099 3620 1180 3741 ejus
1200 3625 1368 3698 Ecollam
1391 3642 1431 3696 er
1451 3619 1713 3698 illorum-sub·¹
1799 3719 1801 3722 Ι

202 3725 318 3809 ditcs‘
333 3722 523 3824 predictos
553 3719 593 3796 in
620 3717 854 3797 confirmatis
883 3749 952 3822 per
982 3749 1052 3798 nos
1077 3715 1314 3821 puvilegiis,
1339 3713 1485 3820 juribus
1515 3733 1555 3798 ct
1569 3719 1713 3817 *gratiis
1790 3771 1792 3782 ·

33 3847 38 3902 i
126 3881 129 3884 -
199 3811 421 3924 impediant,
446 3824 663 3912 molestent,
688 3831 755 3893 aut
777 3818 1012 3918 perturbent,
1036 3835 1103 3906 aut
1125 3818 1415 3918 impedientibus
1441 3829 1507 3894 sut
1528 3817 1715 3918 impedlrc'
1835 3841 1840 3850 ·

33 3909 36 4040 ξ
175 3919 417 4000 1νοΙειιῑὼιιε
446 3915 648 4009 suxilium,
679 3915 880 3993 consilium
910 3929 1081 4016 prestent
1109 3933 1172 3990 aut
1197 3913 1362 3990 favorem
1391 3915 1534 3993 directe
1565 3917 1712 3994 velim

33 4047 35 4092 ε
200 4018 373 4114 directe,
399 4027 531 4116 quovis
555 4024 705 4115 questio
734 4023 888 4110 ingenio
915 4016 976 4090 vel
1006 4017 1152 4104 colore,
1191 4012 1365 4112 quinimo
1390 4035 1454 4089 eos
1483 4023 1530 4088 in·
1549 4013 1620 4088 biis
1641 4035 1710 4113 pro

33 4151 35 4206 i
199 4115 322 4193 nostri
343 4117 494 4212 Imperii
513 4121 607 4205 sacri
633 4109 1024 4189 reverentia-torenna
1051 4122 1093 4188 et
1112 4121 1455 4224 tueantur,·prout
1478 4127 1644 4196 nostrum
1672 4123 1715 4188 ct
1748 4167 1766 4191 ,-

33 4207 37 4286 i
200 4223 316 4314 ipsius
345 4208 438 4286 sueri
465 4212 620 4310 imperii
640 4205 951 4308 indignationem
982 4217 1233 4306 grsnsnmsm
1254 4212 1397 4282 arctius
1419 4207 1609 4285 voluerint
1635 4205 1712 4284 evi·
1781 4257 1798 4304 ,¹

33 4291 35 4416 ξ
201 4322 303 4406 turc,
334 4318 567 4412 presentium
597 4305 670 4385 sub
698 4305 822 4387 nostri
850 4301 1292 4409 impetistis-Maiestatis
1321 4304 1448 4410 sipili
1476 4315 1712 4407 appensione
1810 4307 1813 4318 ’

33 4629 50 4771 'r
