3802 4800
637 297 643 314 ·
781 249 982 350 ..es-0315
1024 235 1143 332 «ί

148 522 157 532 ,
186 447 232 525 da
257 455 302 522 tt.
329 438 569 518 denariorum
588 432 783 540 Retispon·
806 445 998 538 lnssparats
1021 441 1191 542 pecunia,
1210 463 1321 544 .quas
1344 465 1417 522 nos
1438 425 1694 547 recepisseet

71 561 75 568 '
186 539 470 626 inutilitatibus
497 538 660 644 Capituli
685 535 808 618 nostri
831 547 1062 619 convertisse
1084 534 1348 638 'cognoscimus
1372 545 1581 639 evidenter,
1613 573 1694 622 om-

186 659 291 729 nium
316 664 487 721 nostrum
513 643 708 717 communi
734 653 773 716 et
798 637 967 714 unanimi
990 639 1186 714 voluntate
1208 651 1248 716 et
1274 663 1461 720 consensu
1484 645 1693 724 accedente

185 734 441 834 vendidimus,
482 738 720 816 distraximus
753 750 793 814 et
831 761 928 836 puro
965 733 1198 814 venditionis
1237 741 1351 814 titulo
1394 743 1611 817 tradidimus
1654 755 1710 832 et:

185 841 447 938 assignavimus
495 838 632 936 ¹relatis
664 835 854 935 quondam
880 835 947 910 dni
974 833 1168 908 Chunradi
1201 835 1249 912 de
1271 838 1574 936 Swarzenpureb
1608 864 1698 930 exeq

187 938 387 1015 cusoribus
408 950 448 1016 et
513 935 628 1011 icario
653 957 718 1008 seu
746 929 905 1010 Vicariis
937 933 1059 1006 altaris
1091 941 1212 1007 sancti
1237 931 1498 1009 Penthaleonis
1522 935 1696 1016 Eccleste

181 1051 326 1127 nostre,
361 1045 423 1136 qui
451 1059 520 1134 pro
545 1052 720 1132 tempore
745 1028 896 1120 suerint,
928 1030 1095 1104 redditus
1118 1039 1141 1103 2
1166 1040 1209 1104 tt.
1236 1029 1474 1106 denariorum
1500 1033 1694 1134 Ratispon.

184 1135 373 1210 usualium
406 1134 455 1208 de
480 1130 650 1206 Ecclesia
681 1140 812 1204 nostra
843 1125 1050 1226 parochiali
1082 1123 1290 1225 Ratispone
1315 1153 1386 1226 per
1408 1125 1582 1230 eos'jure
1608 1158 1695 1230 pro.

185 1232 356 1334 prietatis
374 1231 589 1322 tenendos,
620 1224 697 1304 reci
727 1224 862 1300 iendos
896 1237 935 1320 et
962 1235 1150 1336 perpetuo
1178 1223 1443 1322 possidendos,
1475 1239 1515 1304 et
1541 1229 1696 1306 eosdem
1795 1305 1800 1314 ,

183 1341 393 1431 proventus
418 1325 580 1412 Vicariis
603 1325 666 1404 vel
735 1319 852 1398 icario
879 1321 972 1397 dicta
995 1321 1132 1413 altaris,
1157 1319 1224 1422 qui
1248 1347 1319 1420 pro
1345 1335 1521 1424 tempore
1545 1324 1698 1422 luerint,
1742 1369 1748 1380 ·

183 1427 349 1524 singulis¹
371 1425 478 1502 annis
516 1423 559 1501 in
592 1421 689 1500 testo
724 1437 887 1520 quatuor
919 1431 1136 1517 temporum
1173 1417 1347 1516 quolibet
1384 1445 1486 1497 anno
1521 1422 1717 1523 proxime,

183 1523 490 1628 precedentium,
525 1547 607 1598 non
643 1517 820 1594 obstante
858 1541 1090 1619 quocunque
1128 1539 1217 1588 casu
1254 1513 1431 1610 fortuito,
1467 1529 1510 1592 in
1541 1523 1700 1600 or'nnem
1753 1533 1760 1542 ‘

184 1643 367 1702 eventurn
392 1624 480 1698 dare
506 1639 545 1696 et
569 1621 716 1694 solvere
742 1628 928 1708 tenemur,
963 1633 1002 1689 et
1025 1611 1272 1712 stipulatione
1296 1615 1484 1714 solempni
1509 1619 1700 1718 promitti·

183 1748 287 1812 mus,
320 1722 477 1796 eosdem
503 1717 736 1809 integraliter
767 1725 808 1786 et
837 1721 918 1785 siue
944 1709 1165 1786 conditione
1190 1709 1362 1808 qualibet
1386 1713 1582 1809 assignare.
1642 1717 1716 1792 Et-

180 1819 216 1894 si
239 1821 367 1917 aliquo
399 1840 502 1890 anno
535 1837 619 1888 casu
650 1808 715 1886 vel
746 1815 946 1926 occaplope
972 1830 1199 1917 quacunque
1229 1831 1299 1880 nos
1324 1808 1574 1906 prepediente
1597 1817 1698 1894 solu·¹

181 1915 329 1992 tionem
357 1913 540 1987 dictarum
566 1920 651 1983 att.
675 1903 718 1979 in
742 1917 908 1980 termino
933 1914 1142 2002 prescripto
1167 1927 1249 1977 non
1272 1901 1479 1980 laceremus
1504 1913 1724 2006 integrali.

179 2023 242 2090 ter
268 2029 316 2088 et
333 2011 537 2110 complete,
562 1995 764 2081 'obellarius
784 2012 925 2092 noster,
979 1997 1020 2072 ui
1043 2022 1112 2098 pro
1139 1999 1315 2098 tempore
1339 2001 1465 2096 luerit,
1491 2003 1540 2082 de¹
1566 2001 1696 2084 officio

182 2107 368 2188 obellarie
393 2127 522 2183 nostre
548 2101 637 2178 dare
670 2111 709 2177 et
733 2100 880 2174 solvere
913 2096 961 2172 de
990 2108 1029 2172 et
1063 2097 1239 2196 predictis
1267 2093 1423 2176 Vicario
1447 2125 1522 2179 seu·
1540 2101 1698 2182 vicariis

181 2209 354 2286 redditus
379 2215 404 2280 2
429 2215 473 2278 tt.
498 2199 693 2299 Ratispon.
720 2193 973 2298 predictarum
1000 2193 1290 2310 conditione&
1315 2191 1499 2276 dilatione
1525 2197 1699 2301 qualibet

182 2329 266 2384 non
300 2303 484 2378 obstante.
550 2297 602 2374 Et
631 2293 664 2370 si
693 2291 734 2370 in
758 2295 948 2370 solutione
983 2291 1187 2368 earundem
1218 2311 1390 2390 repertus
1421 2293 1534 2373 fuerit
1567 2299 1697 2400 aliquo

183 2427 287 2478 anno
312 2400 508 2496 negligens
539 2398 602 2472 vel
626 2391 816 2483 remissus,
857 2413 906 2466 cx
938 2401 1033 2465 tunc
1063 2387 1144 2488 ipse
1176 2388 1378 2468 obellarius
1409 2415 1539 2474 noster
1568 2392 1610 2472 in
1635 2423 1700 2496 pe.
1735 2441 1744 2466 a

184 2522 274 2577 nam
300 2497 528 2593 obligabitur
553 2505 592 2568 et
616 2499 857 2590 astringetur,
891 2485 1001 2564 dietis
1025 2482 1180 2566 Vicario
1208 2497 1247 2564 et
1270 2490 1378 2566 altari
1401 2490 1449 2566 ad
1473 2493 1697 2572 solvendum
1740 2527 1744 2538 ·

184 2613 227 2677 et
250 2595 417 2670 dandum
444 2593 604 2690 duplum
630 2589 788 2663 duarum
812 2583 990 2660 librarum
1014 2607 1082 2660 seu
1107 2595 1269 2681 pecunie
1293 2594 1501 2685 pretaxate,
1539 2603 1697 2669 etaient

182 2690 372 2792 solempni
397 2702 509 2789 pacto
539 2697 639 2762 inter
672 2710 743 2759 nos
777 2695 816 2790 et
841 2680 964 2756 dictos
998 2701 1169 2758 ementes
1200 2684 1299 2760 clare
1318 2698 1372 2778 et
1403 2685 1577 2764 omnium
1602 2715 1697 2770 con·

108 2822 112 2826 ·
184 2814 305 2868 sensu·
322 2788 392 2863 luit
418 2797 653 2863 conventum
679 2793 718 2858 et
743 2781 959 2878 adlectum,-
987 2779 1157 2856 redditus
1180 2780 1437 2880 predictarum
1470 2811 1490 2860 n
1512 2799 1554 2861 tt.
1581 2787 1703 2864 dena·

184 2888 342 2966 riorum.
368 2883 561 2984 Ratispon.
596 2905 665 2982 pro
698 2876 807 2956 dictis
842 2877 890 2962 32
920 2887 965 2956 tt.
1001 2901 1175 2956 reemere
1207 2891 1246 2957 et
1276 2879 1490 2980 absolvere,
1514 2904 1583 2961 seu
1606 2909 1694 2984 pre·

186 2984 330 3060 dictum
354 2979 586 3058 venditionis
609 2989 845 3052 contractum
870 2971 1085 3052 rescindere
1110 2975 1308 3078 possumus
1340 2994 1379 3056 et
1411 2985 1578 3080 valemus
1604 3007 1698 3084 quo-

186 3081 281 3158 libet
304 3106 425 3172 anno,
458 3089 498 3156 et
529 3072 818 3152 dicrivicarius
850 3071 1105 3166 seuVicarii,
1137 3085 1201 3176 qui
1233 3103 1305 3175 pro
1336 3092 1510 3182 tempore
1543 3081 1696 3173 luerint}

186 3198 365 3256 tenentur
389 3176 618 3266 obnoxii-,et
643 3170 782 3249 astricti
807 3185 895 3246 sunt
920 3171 969 3245 ad
993 3173 1209 3249 cedendum
1241 3174 1350 3251 nobis
1384 3179 1697 3278 quolibetanno,
1834 3221 1837 3229 ι

188 3303 274 3353 eum
299 3278 494 3367 volumus,
531 3271 702 3352 redditus
732 3267 989 3371 predictarum
1021 3282 1109 3346 att.
1135 3271 1437 3352 contradictione
1470 3295 1509 3354 et
1541 3277 1697 3374 impedi.

186 3385 321 3450 mento
346 3372 472 3472 aliquo
497 3395 578 3446 non
609 3369 798 3444 obstante.
868 3367 916 3442 ln
947 3361 1052 3468 cujus
1084 3366 1140 3443 rei
1172 3381 1428 3460 testimoninm
1460 3371 1699 3473 presentibus

185 3469 358 3566 Sigillum
384 3465 505 3544 nostri
530 3463 697 3568 Capituli
724 3476 784 3541 est
811 3487 1033 3565 appensum.
1089 3465 1233 3542 Datum
1261 3469 1468 3584 Ratispone
1492 3479 1594 3552 enne
1618 3469 1713 3546 Dn-¹
1741 3503 1748 3514 ·

187 3567 285 3648 mini
308 3566 412 3647 1355.
434 3563 608 3668 proxima
631 3562 723 3640 ieris
747 3578 878 3663 quarta
909 3573 995 3664 post
1017 3562 1154 3640 festum
1176 3577 1294 3643 sancti
1318 3567 1416 3660 Viti..
1604 3567 1610 3574 ’
1655 3562 1658 3572 ’

607 3753 764 3848 Sigillum
784 3755 935 3847 capituti
953 3757 1084 3844 deerunt
1104 3762 1278 3853 adpendet.
1349 3807 1360 3816 -
1415 3823 1420 3842 ,

714 4009 718 4018 ’
754 4001 1151 4036 m
