3712 4794
691 239 1113 397 ..swerd-er
1222 407 1226 414 ἡ

188 452 269 565 tem
343 455 463 599 spes·
487 453 556 560 diti
583 453 1023 597 en'tsnrinquisitionem
1051 459 1287 594 insumis,
1306 462 1468 580 'mismo'
1488 471 1711 591 et-prorids

94 634 101 680 .·
189 581 267 660 deli
297 604 562 682 eraoroncpr,
607 607 608 610 ‘
646 591 687 660 tc
701 603 756 660 nc
769 581 1204 660 statuendumdnmmus
1221 593 1262 662 et
1273 583 1484 682 statuimus,
1506 598 1552 664 ut
1572 589 1710 670 eedem

184 679 348 770 Sorores
371 693 452 780 tam
480 691 695 780 presentes,
720 703 838 782 quam
864 677 1008 760 eisdem
1033 701 1253 758 suooeuure
1275 679 1485 786 subscripta
1505 683 1547 765 in
1572 709 1709 790 perps-

89 831 96 844 -
184 787 299 863 suum
322 789 363 858 et
390 775 698 894 irrefragabiliter
717 777 789 854 snb
808 777 951 858 virtute
977 801 1042 858 sce
1062 775 1299 860 obediencie
1318 779 1520 861 obserans
1538 779 1708 865 debeant

183 887 393 959 atterere
464 877 593 957 ano
622 874 726 974 enirn
753 876 997 960 adimentes
1022 872 1191 974 verbum
1220 877 1405 976 &anonim
1446 906 1530 985 quo
1555 877 1730 979 dicisum

186 975 277 1080 quia
302 976 460 1074 dignum
486 981 557 1068 cst,
582 987 626 1052 ut
653 972 720 1080 qui
743 972 906 1076 similem
923 1005 1023 1056 -cum
1046 973 1128 1053 aliis
1151 976 1272 1058 vitam
1293 979 1517 1083 suscipiunt,
1542 980 1709 1062 siniam
1769 997 1777 1006 '
1839 1004 1842 1023 ·

179 1074 354 1160 senniarii
380 1085 420 1151 in
443 1069 590 1169 legibm
613 1072 863 1176 disciplinam,
888 1075 1087 1154 siattsimus
1109 1090 1148 1154 et
1169 1075 1403 1174 ordinamus,
1429 1079 1578 1182 utipse
1599 1105 1708 1160 soro·

119 1239 120 1244 ι
176 1198 238 1259 res
267 1193 305 1252 et
331 1171 506 1286 quelibet
534 1169 700 1271 ipsarum
734 1191 811 1250 tam
842 1199 947 1258 nuno
978 1188 1167 1276 recepte,
1183 1184 1298 1278 quim
1327 1177 1368 1252 in
1395 1191 1591 1278 posterum
1612 1181 1706 1258 reci·
1846 1233 1850 1238 -

80 1317 108 1358 ¹.
175 1274 319 1376 prende
349 1297 390 1346 ιιι
420 1293 496 1347 sne,
524 1269 758 1385 repeptionis
783 1271 895 1358 initio
925 1273 1222 1374 proprietatibus
1252 1276 1482 1385 quibuslibet
1509 1275 1706 1376 abdicatis,

37 1377 40 1386 '
175 1375 403 1452 castitatem
419 1381 459 1458 et
481 1368 761 1460 continentiam
783 1371 964 1474 deinceps
984 1373 1208 1472 servandam
1234 1394 1400 1450 voveant
1423 1388 1462 1452 et
1492 1396 1593 1454 anno
1619 1401 1708 1476 pro·
1812 1425 1814 1430 -

177 1467 345 1545 batiocis
373 1467 530 1568 expleto
556 1467 832 1567 professionem
873 1473 1132 1572 solempnem·
1194 1468 1296 1547 bboe
1318 1471 1559 1573 presentibus
1581 1473 1717 1572 fratri·-
1851 1519 1852 1566 r

176 1565 248 1642 bus
275 1577 315 1641 et
339 1562 542 1642 Sororibus
567 1565 705 1642 domus
735 1565 775 1643 in
810 1565 990 1673 capituto
1021 1577 1091 1646 seu
1161 1579 1198 1640 'o
1229 1571 1320 1645 loco
1344 1570 1393 1648 ad
1424 1569 1501 1648 hoc
1532 1583 1623 1672 apto
1648 1595 1705 1666 se·
1851 1633 1852 1664 ,

94 1745 98 1752 ,
177 1664 347 1742 cundum
370 1664 539 1758 reguiam
571 1673 611 1739 et
634 1663 785 1742 statuta
810 1665 1051 1744 sui-Ordinis
1077 1665 1238 1759 faciant,
1275 1678 1315 1743 et
1340 1669 1389 1743 ad
1416 1693 1551 1752 manus
1579 1662 1705 1768 Magri

132 1822 139 1857 ,
176 1759 445 1848 obedienciam
475 1759 720 1860 promittant,
770 1762 870 1836 siout
904 1762 948 1838 in
979 1760 1227 1858 religionibus
1260 1761 1344 1838 aliis
1373 1777 1431 1841 est
1462 1780 1704 1850 consuetum·
1811 1817 1852 1864 ,ιι

172 1861 273 1938 item
298 1869 395 1940 intra
417 1855 589 1952 domum,
616 1871 655 1934 et
676 1872 783 1933 exim
802 1858 967 1936 maxime
995 1859 1165 1936 restibus
1189 1857 1232 1934 in
1261 1883 1388 1960 panno
1411 1875 1452 1939 et
1478 1869 1609 1944 colore
1635 1864 1705 1944 eis·
1809 1855 1814 1866 ’

128 1983 131 1988 ·
174 1955 265 2034 dem
295 1981 382 2035 oum
409 1953 596 2046 fratribus,
621 1951 730 2055 cujus
753 1977 829 2030 nna
854 1956 942 2030 ulna
962 1979 1032 2057 pro
1061 1975 1102 2034 ia
1130 1956 1261 2034 deum.
1287 1955 1372 2032 liat,
1394 1959 1471 2035 emi
1495 1961 1623 2060 possit,
1647 1985 1707 2041 se·

174 2056 346 2140 cundum
369 2056 555 2147 regulam,
581 2074 693 2152 quam
719 2049 813 2127 dicti
838 2052 968 2128 fratres
993 2065 1033 2130 et
1059 2051 1219 2131 Sorores
1239 2055 1497 2131 communiter
1518 2058 1703 2156 profiten·
1834 2081 1851 2132 .·

171 2163 248 2242 tur,
275 2165 315 2228 et
337 2151 425 2228 velo
451 2146 561 2247 nigro
587 2161 628 2226 et
652 2149 830 2246 religioso
855 2147 898 2226 in
919 2159 1042 2252 capite
1068 2159 1238 2244 utantur,
1264 2149 1401 2256 quibos
1425 2153 1538 2230 etiam
1559 2157 1702 2256 peppla'

171 2250 335 2342 sericea,
397 2248 489 2328 elles
518 2246 694 2350 vulpinas
724 2269 793 2326 seu
820 2246 910 2324 alias
937 2248 1154 2326 consimiles
1181 2249 1416 2342 inhibemus,
1451 2259 1499 2328 'ut
1555 2267 1605 2328 er·
1624 2252 1700 2331 hoo

172 2345 222 2425 ab
246 2346 328 2441 aliis
393 2343 513 2460 spinis
545 2359 583 2430 et
599 2343 813 2440 ,Sororibus
839 2345 1121 2440 discernantur,
1160 2345 1282 2425 ovinis
1312 2358 1443 2428 tamen
1467 2372 1518 2448 pe
1552 2348 1560 2367 '
1590 2374 1634 2425 us
1660 2364 1702 2428 e't
1814 2403 1852 2456 ,Ι

157 2443 333 2624 'pelliciis
357 2455 421 2559 uta
442 2461 613 2558 ppssnni,
639 2443 967 2558 quemadmodum
988 2453 1057 2560 ipsi
1088 2445 1235 2560 fratms·
1288 2443 1479 2560 Volumus
1499 2446 1629 2539 etiam,
1643 2457 1701 2525 us

199 2541 440 2620 acerdonbus
470 2542 587 2642 ipsius
613 2542 752 2618 domus
781 2567 824 2618 ιιι
852 2541 1038 2622 faciendo
1066 2541 1379 2622 confessionibus
1392 2563 1480 2636 Ιειιιι
1503 2563 1700 2640 contente,

170 2667 248 2720 neo
273 2641 380 2721 'extra
408 2639 568 2718 domum
594 2627 855 2718 confiteantur
878 2661 1008 2744 preter
1029 2654 1218 2736 nostram,
1241 2667 1312 2722 seu
1332 2641 1474 2722 vicarii
1501 2642 1562 2718 nri
1586 2642 1699 2720 nobis
1783 2629 1795 2704 ’-

121 2761 124 2768 ’
173 2739 398 2832 absentibus¹
424 2737 588 2839 petitam
614 2740 813 2821 licenciam
838 2758 879 2816 et
904 2741 1115 2818 obtentam.
1184 2739 1436 2817 Prohibemus
1460 2737 1619 2842 insuper
1641 2739 1697 2818 di·

172 2836 356 2927 strictius,
387 2861 439 2915 ue
463 2837 1131 2940 ullonnquam-temporedomum
1157 2837 1534 2940 hospitaliseaeant,
1568 2849 1698 2938 preter

134 2958 142 2966 ·
172 2935 288 3034 ipsius
316 2933 438 3032 Magri
465 2959 535 3012 seu
565 2931 709 3032 Vicarii
733 2932 903 3038 ejusdem
932 2935 1143 3036 licenciam
1166 2953 1206 3014 er
1233 2936 1468 3038 permissum.
1539 2936 1707 3014 Eisdem

171 3029 373 3122 Sororibus
386 3031 504 3112 etiam
521 3031 846 3113 inremissionem
859 3049 1102 3136 peccatorum
1120 3031 1352 3138 injungimus
1363 3045 1403 3118 ct
1422 3032 1698 3148 districtissime
1742 3113 1746 3121 ,

155 3131 414 3226 mansimus,
445 3145 490 3210 ut
511 3143 551 3208 in
581 3127 742 3213 servitiis
759 3147 807 3216 ,st
831 3131 1117 3211 necessitatibus
1135 3129 1377 3210 infirmorum
1400 3156 1442 3209 se
1467 3157 1575 3209 omns
1600 3144 1698 3209 tem·

4 3297 10 3314 t
124 3301 131 3318 ,
171 3241 286 3330 pore,
312 3231 404 3307 dum
426 3253 517 3312 sane
540 3241 630 3308 sunt
651 3244 691 3308 et
716 3245 894 3331 possunt,
926 3231 1074 3308 sedulas
1100 3230 1306 3326 exlribeant
1332 3241 1371 3306 et
1396 3229 1571 3322 devotas,
1604 3253 1695 3306 cum

23 3423 27 3429 ,
119 3362 121 3371 ·
171 3331 222 3408 sd
251 3329 359 3411 hmot
389 3327 598 3410 ministeria
628 3328 879 3432 recipiantur,
918 3342 959 3434 'et
989 3331 1038 3404 ad
1069 3331 1148 3405 hec'
1173 3329 1385 3404 seeundum
1416 3329 1585 3424 regulam
1616 3326 1695 3406 sint

63 3489 71 3498 .
172 3439 354 3508 astricte·
400 3429 585 3507 Ceterum
618 3427 706 3530 quia
729 3425 818 3528 jure
842 3439 997 3504 cautum
1031 3439 1087 3502 est
1120 3425 1335 3520 communi,
1365 3449 1422 3502 ne
1451 3427 1577 3526 plures
1610 3433 1707 3540 per·-

68 3617 75 3625 ‚
173 3549 268 3610 sone
292 3527 544 3630 recipiamur·
559 3528 603 3602 in
635 3526 764 3628 aliquo
795 3533 1046 3615 monasterio,
1083 3547 1209 3625 quam.
1230 3523 1280 3600 de
1311 3529 1432 3696 iim·
1451 3523 1694 3600 facultatibus

129 3645 137 3652 '
171 3631 331 3729 possunt
365 3628 568 3704 commode
594 3623 817 3718 sustentari,
856 3623 1072 3716 statuimus,
1112 3634 1154 3696 ut
1180 3619 1317 3698 -sorori
1344 3643 1389 3695 us
1417 3639 1497 3723 pam
1528 3621 1694 3721 receptis

173 3739 215 3806 et
233 3723 415 3828 ,professis
446 3725 488 3802 in
512 3750 582 3800 suo
607 3735 707 3799 statu
732 3723 975 3798 manentibus
1001 3743 1187 3814 ,numerus
1205 3717 1446 3820 septenarius
1471 3729 1568 3796 circa
1593 3718 1693 3796 reci-
1817 3791 1822 3796 .

10 3905 13 3917 ,
173 3827 331 3930 piendas
361 3825 573 3901 decatero
605 3822 907 3924 inperpetuum
939 3821 1154 3896 nullatenus
1186 3819 1410 3911 excedatur,
1444 3813 1613 3895 rebelles·
1628 3841 1694 3894 aaa
1845 3841 1852 3850 ·

30 3937 33 3944 “
174 3937 255 4004 tem
284 3935 322 4000 et
348 3922 616 4000 inobedientes
648 3923 696 3994 ad
722 3917 837 4020 ipsius
851 3996 855 4008 ,
870 3919 991 4016 Magri
1023 3917 1221 3995 arbitrium
1256 3933 1343 3992 oum
1377 3913 1536 3994 consilio
1561 3927 1692 3992 umen

175 4024 368 4100 seniorum
399 4021 553 4098 fratrum
580 4037 618 4096 et
651 4015 811 4093 aliorum
836 4015 1088 4094 litteratorum
1114 4040 1183 4091 seu
1208 4013 1489 4112 religiosorum,
1521 4013 1552 4090 si
1577 4015 1692 4125 culpe

206 4119 336 4200 ualitas
361 4120 440 4197 hoc
458 4117 641 4214 exegerit,
665 4114 884 4214 puniantur.
934 4117 1164 4216 inquorum
1190 4123 1412 4202 statutorum
1430 4126 1470 4188 et
1486 4111 1694 4188 oidisntto·
1814 4209 1820 4216 .

176 4147 235 4298 iis
277 4216 539 4297 testimonium
580 4223 809 4316 perpetuum
848 4227 1043 4314 presentes
1080 4215 1224 4288 litteras
1259 4211 1373 4288 so'ribi
1417 4209 1692 4312 mandavimus,

56 4335 103 4406 ζ’*
177 4315 377 4424 iimtrlipue
405 4341 453 4402 ao
486 4315 676 4397 dictorum
710 4312 836 4413 Maga
872 4327 913 4390 et
946 4311 1081 4388 domus
1105 4304 1296 4413 bespittlis
1313 4307 1549 4410 -stgiitosun'
1569 4315 1693 4386 arriani·¹
