3862 4812
204 361 206 368 ,
773 313 848 370 ,ω
898 289 996 384 tuot
1042 309 1118 370 aa

284 509 302 557 κ·
379 461 494 544 uum.
529 431 1200 553 ucnv1.·nn.n.aeanara.·
1230 455 1294 534 nx
1318 453 1550 558 ongum:
1597 479 1623 501 ·-

566 607 741 668 Concordia
766 605 806 666 de
825 603 941 664 tuenda
961 604 1118 665 libertate
1131 601 1321 681 Ecclcaet'c·
1350 583 1355 643 s

145 739 148 752 ¹
205 771 206 776 '
286 755 368 838 Nos
390 749 610 832 Franciscus
635 748 868 854 prepositus,
892 745 1087 826 iohannes
1112 749 1294 846 decanus,
1330 761 1369 827 et
1394 762 1521 833 totum
1548 749 1706 872 Capitu·

187 861 269 946 lum
294 855 426 951 Eeclie
448 851 693 950 Ratisponen.
719 849 916 924 iohannes
938 846 1060 936 sanai
1082 845 1327 940 Emmerami,
1351 849 1477 926 David
1501 867 1621 928 sancta
1645 855 1709 930 Ja-

188 949 278 1036 cobi
292 950 613 1044 Monaateriorum
631 945 798 1040 abbates,
823 945 860 1021 A
886 941 1176 1038 nesinterioris,
1200 943 1330 1021 Sibilla
1347 947 1569 1048 superioris,
1593 953 1710 1028 Anna

187 1063 306 1142 sancti
332 1047 441 1128 Pauli
464 1027 785 1132 Mouasteriorum
811 972 1015 1134 abbatisse,
1046 1041 1241 1119 iohannes
1264 1041 1404 1121 veteris
1431 1044 1609 1147 Capetie,
1633 1047 1709 1144 Mi·

88 1165 93 1176 '
188 1151 301 1230 chael
325 1145 445 1224 saneti
469 1141 653 1218 Iohannis
679 1139 937 1220 Ecclesiamm
963 1138 1110 1232 decani,
1137 1139 1314 1240 Capitula
1340 1154 1380 1219 et
1400 1137 1710 1222 Conventus&-
1774 1166 1780 1176 '

90 1251 98 1320 ’,
190 1245 344 1329 cliaium
378 1257 418 1321 et
451 1237 773 1330 Monasteriorum
811 1241 1040 1334 eorundem,
1090 1233 1288 1315 Conradus
1326 1241 1614 1319 commendator
1654 1239 1712 1318 sci
1829 1287 1839 1296 -

187 1341 398 1434 Leonardi,
425 1338 597 1454 plebani,
623 1335 879 1428 ohorivicarii,
905 1335 1112 1436 capellani,
1140 1335 1305 1417 altariste
1336 1350 1375 1412 et
1402 1335 1621 1416 beneficiati
1647 1327 1712 1416 Ci-

190 1439 316 1522 viretis
350 1438 546 1549 Ratrspon.
579 1434 743 1511 fatemur
774 1449 815 1510 et
847 1435 1157 1530 recognoscimus
1188 1435 1259 1512 sub
1291 1446 1428 1512 tenore
1463 1435 1712 1534 presentium,

246 1533 431 1638 od,quia
456 1543 558 1610 anter
580 1560 652 1610 nos
678 1557 727 1610 ex
751 1557 846 1624 una,
871 1532 1121 1622 acconsules,
1144 1533 1397 1630 proqousules,
1424 1547 1463 1608 et
1489 1530 1589 1610 cives
1614 1529 1711 1635 ejus·

199 1631 285 1734 ,e‘m
300 1631 472 1710 Civitatis
498 1627 780 1732 Ratisponensis
806 1629 855 1707 de
881 1642 931 1724 et,
945 1651 1061 1728 super
1084 1627 1228 1704 tuenda
1252 1643 1292 1706 et
1318 1630 1574 1726 conservanda
1597 1631 1713 1708 iiber-

193 1747 278 1832 tate
305 1731 461 1822 Ecclea,
493 1725 639 1830 juribus
668 1753 733 1822 ue,
801 1724 998 1822 rivilegiis,
1031 1737 1072 1801 et
1101 1723 1283 1801 hactenus
1314 1717 1520 1807 observatis
1550 1727 1714 1807 rationa-

85 1905 88 1910 .
192 1828 334 1912 bilibus
378 1757 721 1906 consuetudinibus
767 1755 1044 1936 deiendendis,
1098 1835 1146 1935 et·
1188 1821 1381 1920 signanter
1418 1823 1469 1901 de
1507 1837 1553 1902 et
1596 1849 1716 1926 super

192 1928 416 2010 venditione
449 1923 627 2002 vinorum
655 1921 703 1998 ad
731 1921 879 1997 Ecelras
911 1940 951 1994 et
980 1915 1169 2024 beneficia
1202 1947 1270 1994 nra
1303 1919 1597 2019 pertinentium,
1631 1921 1724 2000 uiui·
1848 1935 1854 1942 '

70 2102 77 2115 ,
195 2041 237 2106 et
275 2023 470 2118 cerevisia,
493 2022 576 2097 sine
615 2017 721 2093 dacia
762 2015 1052 2092 introductione
1093 2039 1162 2094 seu
1192 2015 1239 2114 in
1279 2019 1363 2102 iore
1399 2019 1502 2096 dicte
1538 2019 1716 2100 Civitatis

194 2124 415 2225 emptione,
448 2115 668 2193 inclitorum
694 2111 812 2190 nimia
837 2111 1059 2204 exactione,
1093 2109 1274 2191 cerevisie
1299 2141 1370 2212 pro
1394 2141 1466 2190 usu
1494 2115 1598 2196 Cleri
1623 2145 1717 2196 cona

58 2213 83 2264 Ψ
119 2243 128 2262 ’
173 2220 381 2321 demicus,
412 2219 627 2310 legatorum
660 2223 700 2288 et
725 2207 976 2321 donationum
997 2209 1050 2320 ρὰ
1082 2209 1278 2307 pios-usus
1296 2209 1581 2382 prohibitione,
1615 2221 1742 2294 Cen··

194 2344 307 2399 suum
348 2315 462 2391 etiarn
501 2323 541 2385 et
583 2311 775 2386 bonorum
817 2305 1075 2382 ammobihum
1118 2331 1187 2403 pro
1229 2305 1307 2382 Ecc
1323 2307 1368 2402 iis
1402 2321 1626 2410 ⁴orruptione,
1665 2339 1715 2392 ae

195 2411 354 2496 tandem
376 2412 436 2500 ¹de
468 2420 508 2484 et
531 2428 646 2506 super
668 2401 940 2482 Jurisdictione
964 2401 1104 2478 Ecclca
1128 2415 1168 2476 et
1193 2402 1312 2480 causis
1338 2405 1385 2480 ad
1411 2430 1494 2484 eam
1521 2410 1713 2522 pertinen.

195 2511 318 2604 tibus,
355 2506 510 2586 illorum
541 2515 712 2582 omnium
744 2527 789 2580 ac
823 2511 872 2578 e‘x
905 2499 959 2576 eis
996 2497 1291 2600 quomodolibet¹
1317 2519 1623 2602 emergentium,
1663 2509 1714 2586 ad

197 2635 243 2694 ea
277 2631 436 2726 quoque
467 2627 730 2701 connexorum
769 2608 967 2682 occasione
1002 2622 1052 2675 en
1089 2599 1206 2677 altera
1235 2599 1399 2702 partibus
1425 2606 1582 2685 materia
1606 2606 1714 2684 diffe-

196 2723 407 2789 rentiarum
438 2700 611 2795 suborta,
646 2724 761 2814 super
779 2696 925 2802 quibus
956 2693 1178 2773 differentiis
1209 2723 1340 2774 uorem
1360 2701 1515 2795 ,Revmo
1547 2698 1589 2780 in
1621 2706 1714 2804 Xpo

224 2821 306 2884 atre
338 2822 378 2882 et
409 2797 487 2876 dno
521 2801 599 2875 dno
632 2796 818 2876 Hemrico
849 2797 937 2896 Epo
967 2793 1072 2871 dicte
1103 2787 1234 2871 Ecclie
1270 2795 1554 2898 Ratisponensin
1584 2805 1714 2904 plures

103 2949 125 2976 μ
195 2833 341 2982 dabite-
364 2913 453 2975 sunt
490 2895 697 2973 amicabilis
738 2893 1035 2995 Compositionti
1067 2891 1197 2988 diere,
1239 2884 1337 2974 sicut
1370 2917 1410 2975 et
1439 2896 1481 2974 in
1516 2915 1717 3000 posterum

54 3035 58 3038 ·
195 2995 437 3090 habebuntur
473 2993 553 3068 sub
590 3019 684 3093 spe,
735 2987 851 3069 dieras
890 2988 1116 3068 differentias
1151 2989 1399 3086 amicabiliter
1436 3001 1714 3098 componendi.

102 3093 134 3148 ·’
196 3097 350 3178 Idcirco
376 3121 446 3197 pro
473 3085 608 3170 {uiuris
631 3087 739 3166 bmoi
764 3083 876 3166 dietis
894 3087 1179 3189 prosequendis,
1203 3115 1250 3166 ae
1274 3115 1361 3167 casu
1386 3112 1425 3170 et
1450 3097 1604 3190 eventu,
1631 3102 1715 3201 qui.

111 3262 114 3273 .
196 3197 269 3278 bus
295 3193 398 3283 dieta
423 3189 530 3271 hmoi
563 3185 771 3265 amicabilis
797 3184 1093 3286 Compositionts
1117 3189 1283 3270 fructum
1307 3215 1389 3282 non
1413 3208 1612 3292 parerent,
1645 3225 1717 3276 no·

198 3289 334 3395 bisque
359 3315 428 3370 seu
453 3287 643 3389 deputatis
675 3299 755 3386 per'
777 3311 847 3365 nos
881 3281 977 3360 inira
1008 3283 1213 3387 nominatis
1245 3285 1367 3367 visum
1392 3288 1523 3383 fuerit,
1558 3291 1579 3368 J
1585 3293 1716 3376 unibm

197 3403 276 3470 uris
309 3405 348 3468 et
372 3389 537 3465 libertati
567 3385 708 3464 Ecclce
742 3377 922 3484 expedire
955 3403 1045 3484 aput
1079 3405 1246 3461 sanctam
1278 3383 1418 3468 sedem
1448 3389 1613 3490 apicum,
1647 3416 1717 3476 aut

198 3511 290 3594 aput
318 3485 518 3566 Cesaream
543 3479 798 3584 Maiestatem,
821 3481 885 3558 vel
909 3480 1116 3581 utrobique
1141 3484 1314 3560 locorum
1338 3483 1457 3579 bruci,
1493 3509 1563 3566 seo
1584 3511 1717 3572 comm

85 3593 94 3602 “
199 3584 399 3667 iudicibus
432 3599 471 3662 et
498 3577 767 3658 commissariia
792 3575 989 3656 ordinariis
1021 3581 1083 3678 vel
1107 3580 1300 3680 delegatis,
1328 3581 1489 3682 arbitris,
1517 3585 1718 3676 arbitrato,

199 3684 303 3764 rtbus
327 3709 394 3760 seu
415 3676 1022 3778 amicabilibuscompositoribus
1047 3675 1177 3756 electis
1202 3681 1263 3758 vel
1287 3677 1328 3756 in
1353 3702 1547 3782 posterum
1573 3685 1718 3784 eligen-
1778 3747 1785 3766 ,

201 3782 258 3860 dis
284 3781 579 3882 quibuscunque¹
607 3801 757 3858 caumm
788 3778 851 3868 rel
884 3801 1012 3866 causas
1042 3803 1159 3878 super
1188 3777 1410 3860 differentiis
1442 3784 1625 3868 mteactis
1649 3793 1716 3868 vel
1762 3819 1765 3824 ·

133 3952 135 3960 ,
201 3905 333 3960 earum
358 3879 475 3953 altera
498 3877 690 3976 agitandas
719 3872 790 3962 sub
817 3901 973 3974 quocun
1001 3901 1051 3953 ue
1081 3877 1122 3952 id
1147 3873 1231 3954 fieri
1257 3891 1512 3979 contingeret,
1544 3883 1717 3984 promisi·

200 4003 286 4054 mus
311 3975 399 4048 htnc
424 3974 516 4050 inde
543 3975 803 4051 internosse
851 3905 1059 4051 resentibus
1075 3974 1343 4074 promittimus,
1368 4004 1439 4055 nos
1491 4006 1539 4056 uo
1569 4004 1616 4058 ue
1640 3984 1716 4060 sub

191 4075 281 4174 ,fide
307 4071 462 4172 prestita
494 4084 534 4149 et
558 4071 628 4178 sub
652 4069 796 4174 pents'
840 4095 877 4146 ra
904 4073 1101 4170 designatis
1133 4087 1331 4166 euenerat
1361 4007 1528 4176 sisignius
1633 4071 1718 4160 'iter
1855 4154 1867 4162 .

56 4237 63 4252 ,,
183 4169 424 4272 Κ(ιῑιιὶςηηιιιε,
450 4168 563 4270 (ῙιιοάΥ
579 4156 739 4246 velimus
764 4179 804 4244 et
828 4166 1033 4260 debeamus
1057 4169 1127 4246 sub
1153 4171 1317 4250 honeste
1341 4174 1714 4264 conventionisvtn·

93 4315 147 4371 .'.
204 4271 291 4380 eudo
316 4279 481 4378 trucem
508 4291 594 4382 ‚esso
622 4263 809 4376 ,obligati
844 4262 960 4361 uniti,
1004 4261 1217 4370 conjuncti,
1256 4282 1296 4348 et
1327 4271 1562 4368 confederati
1592 4297 1716 4377 usque
